Row ID,Order ID,Order Date,Year,Month,Quarter,Ship Mode,Customer ID,Firstname,Lastname,Segment,Country,City,State,Postal Code,Region,Product ID,Category,Sales,Quantity,Cost,Total Sales,Total Cost,Profit
1,CA-2017-152156,08/11/2017,2017,Aug,Qtr3,Second Class,CG-12520,Claire,Gute,Consumer,United States,Henderson,Kentucky,42420,South,FUR-BO-10001798,Furniture,£261.96,4,£261.26,"£1,047.84","£1,045.04",£2.80
2,CA-2017-152156,08/11/2017,2017,Aug,Qtr3,Second Class,CG-12520,Claire,Gute,Consumer,United States,Henderson,Kentucky,42420,South,FUR-CH-10000454,Furniture,£731.94,4,£731.61,"£2,927.76","£2,926.44",£1.32
3,CA-2017-138688,12/06/2017,2017,Dec,Qtr4,Second Class,DV-13045,Darrin,Van,Corporate,United States,Los Angeles,California,90036,West,OFF-LA-10000240,Office Supplies,£14.62,9,£13.97,£131.58,£125.73,£5.85
4,US-2016-108966,11/10/2016,2016,Nov,Qtr4,Standard Class,SO-20335,Sean,O'Donnell,Consumer,United States,Fort Lauderdale,Florida,33311,South,FUR-TA-10000577,Furniture,£957.58,3,£956.90,"£2,872.73","£2,870.70",£2.03
5,US-2016-108966,11/10/2016,2016,Nov,Qtr4,Standard Class,SO-20335,Sean,O'Donnell,Consumer,United States,Fort Lauderdale,Florida,33311,South,OFF-ST-10000760,Office Supplies,£22.37,3,£22.08,£67.10,£66.24,£0.86
6,CA-2015-115812,09/06/2015,2015,Sep,Qtr3,Standard Class,BH-11710,Brosina,Hoffman,Consumer,United States,Los Angeles,California,90032,West,FUR-FU-10001487,Furniture,£48.86,9,£48.08,£439.74,£432.72,£7.02
7,CA-2015-115812,09/06/2015,2015,Sep,Qtr3,Standard Class,BH-11710,Brosina,Hoffman,Consumer,United States,Los Angeles,California,90032,West,OFF-AR-10002833,Office Supplies,£7.28,9,£6.34,£65.52,£57.06,£8.46
8,CA-2015-115812,09/06/2015,2015,Sep,Qtr3,Standard Class,BH-11710,Brosina,Hoffman,Consumer,United States,Los Angeles,California,90032,West,TEC-PH-10002275,Technology,£907.15,9,£906.78,"£8,164.37","£8,161.02",£3.35
9,CA-2015-115812,09/06/2015,2015,Sep,Qtr3,Standard Class,BH-11710,Brosina,Hoffman,Consumer,United States,Los Angeles,California,90032,West,OFF-BI-10003910,Office Supplies,£18.50,9,£18.36,£166.54,£165.24,£1.30
10,CA-2015-115812,09/06/2015,2015,Sep,Qtr3,Standard Class,BH-11710,Brosina,Hoffman,Consumer,United States,Los Angeles,California,90032,West,OFF-AP-10002892,Office Supplies,£114.90,9,£114.62,"£1,034.10","£1,031.58",£2.52
11,CA-2015-115812,09/06/2015,2015,Sep,Qtr3,Standard Class,BH-11710,Brosina,Hoffman,Consumer,United States,Los Angeles,California,90032,West,FUR-TA-10001539,Furniture,"£1,706.18",9,"£1,705.71","£15,355.66","£15,351.39",£4.27
12,CA-2015-115812,09/06/2015,2015,Sep,Qtr3,Standard Class,BH-11710,Brosina,Hoffman,Consumer,United States,Los Angeles,California,90032,West,TEC-PH-10002033,Technology,£911.42,9,£911.17,"£8,202.82","£8,200.53",£2.29
13,CA-2018-114412,04/15/2018,2018,Apr,Qtr2,Standard Class,AA-10480,Andrew,Allen,Consumer,United States,Concord,North Carolina,28027,South,OFF-PA-10002365,Office Supplies,£15.55,2,£14.71,£31.10,£29.42,£1.68
14,CA-2017-161389,05/12/2017,2017,May,Qtr2,Standard Class,IM-15070,Irene,Maddox,Consumer,United States,Seattle,Washington,98103,West,OFF-BI-10003656,Office Supplies,£407.98,9,£407.54,"£3,671.78","£3,667.86",£3.92
15,US-2016-118983,11/22/2016,2016,Nov,Qtr4,Standard Class,HP-14815,Harold,Pawlan,Home Office,United States,Fort Worth,Texas,76106,Central,OFF-AP-10002311,Office Supplies,£68.81,7,£67.82,£481.67,£474.74,£6.93
16,US-2016-118983,11/22/2016,2016,Nov,Qtr4,Standard Class,HP-14815,Harold,Pawlan,Home Office,United States,Fort Worth,Texas,76106,Central,OFF-BI-10000756,Office Supplies,£2.54,7,£1.62,£17.81,£11.34,£6.47
17,CA-2015-105893,11/11/2015,2015,Nov,Qtr4,Standard Class,PK-19075,Pete,Kriz,Consumer,United States,Madison,Wisconsin,53711,Central,OFF-ST-10004186,Office Supplies,£665.88,5,£665.32,"£3,329.40","£3,326.60",£2.80
18,CA-2015-167164,05/13/2015,2015,May,Qtr2,Second Class,AG-10270,Alejandro,Grove,Consumer,United States,West Jordan,Utah,84084,West,OFF-ST-10000107,Office Supplies,£55.50,8,£54.76,£444.00,£438.08,£5.92
19,CA-2015-143336,08/27/2015,2015,Aug,Qtr3,Second Class,ZD-21925,Zuschuss,Donatelli,Consumer,United States,San Francisco,California,94109,West,OFF-AR-10003056,Office Supplies,£8.56,9,£7.72,£77.04,£69.48,£7.56
20,CA-2015-143336,08/27/2015,2015,Aug,Qtr3,Second Class,ZD-21925,Zuschuss,Donatelli,Consumer,United States,San Francisco,California,94109,West,TEC-PH-10001949,Technology,£213.48,9,£212.79,"£1,921.32","£1,915.11",£6.21
21,CA-2015-143336,08/27/2015,2015,Aug,Qtr3,Second Class,ZD-21925,Zuschuss,Donatelli,Consumer,United States,San Francisco,California,94109,West,OFF-BI-10002215,Office Supplies,£22.72,9,£22.41,£204.48,£201.69,£2.79
22,CA-2017-137330,09/12/2017,2017,Sep,Qtr3,Standard Class,KB-16585,Ken,Black,Corporate,United States,Fremont,Nebraska,68025,Central,OFF-AR-10000246,Office Supplies,£19.46,6,£18.81,£116.76,£112.86,£3.90
23,CA-2017-137330,09/12/2017,2017,Sep,Qtr3,Standard Class,KB-16585,Ken,Black,Corporate,United States,Fremont,Nebraska,68025,Central,OFF-AP-10001492,Office Supplies,£60.34,6,£59.54,£362.04,£357.24,£4.80
24,US-2018-156909,07/16/2018,2018,Jul,Qtr3,Second Class,SF-20065,Sandra,Flanagan,Consumer,United States,Philadelphia,Pennsylvania,19140,East,FUR-CH-10002774,Furniture,£71.37,1,£70.80,£71.37,£70.80,£0.57
25,CA-2016-106320,09/25/2016,2016,Sep,Qtr3,Standard Class,EB-13870,Emily,Burns,Consumer,United States,Orem,Utah,84057,West,FUR-TA-10000577,Furniture,"£1,044.63",8,"£1,044.05","£8,357.04","£8,352.40",£4.64
26,CA-2017-121755,01/16/2017,2017,Jan,Qtr1,Second Class,EH-13945,Eric,Hoffmann,Consumer,United States,Los Angeles,California,90049,West,OFF-BI-10001634,Office Supplies,£11.65,9,£11.39,£104.83,£102.51,£2.32
27,CA-2017-121755,01/16/2017,2017,Jan,Qtr1,Second Class,EH-13945,Eric,Hoffmann,Consumer,United States,Los Angeles,California,90049,West,TEC-AC-10003027,Technology,£90.57,9,£89.64,£815.13,£806.76,£8.37
28,US-2016-150630,09/17/2016,2016,Sep,Qtr3,Standard Class,TB-21520,Tracy,Blumstein,Consumer,United States,Philadelphia,Pennsylvania,19140,East,FUR-BO-10004834,Furniture,"£3,083.43",1,"£3,082.52","£3,083.43","£3,082.52",£0.91
29,US-2016-150630,09/17/2016,2016,Sep,Qtr3,Standard Class,TB-21520,Tracy,Blumstein,Consumer,United States,Philadelphia,Pennsylvania,19140,East,OFF-BI-10000474,Office Supplies,£9.62,1,£9.01,£9.62,£9.01,£0.61
30,US-2016-150630,09/17/2016,2016,Sep,Qtr3,Standard Class,TB-21520,Tracy,Blumstein,Consumer,United States,Philadelphia,Pennsylvania,19140,East,FUR-FU-10004848,Furniture,£124.20,1,£123.99,£124.20,£123.99,£0.21
31,US-2016-150630,09/17/2016,2016,Sep,Qtr3,Standard Class,TB-21520,Tracy,Blumstein,Consumer,United States,Philadelphia,Pennsylvania,19140,East,OFF-EN-10001509,Office Supplies,£3.26,1,£3.11,£3.26,£3.11,£0.15
32,US-2016-150630,09/17/2016,2016,Sep,Qtr3,Standard Class,TB-21520,Tracy,Blumstein,Consumer,United States,Philadelphia,Pennsylvania,19140,East,OFF-AR-10004042,Office Supplies,£86.30,1,£85.88,£86.30,£85.88,£0.42
33,US-2016-150630,09/17/2016,2016,Sep,Qtr3,Standard Class,TB-21520,Tracy,Blumstein,Consumer,United States,Philadelphia,Pennsylvania,19140,East,OFF-BI-10001525,Office Supplies,£6.86,1,£6.80,£6.86,£6.80,£0.06
34,US-2016-150630,09/17/2016,2016,Sep,Qtr3,Standard Class,TB-21520,Tracy,Blumstein,Consumer,United States,Philadelphia,Pennsylvania,19140,East,OFF-AR-10001683,Office Supplies,£15.76,1,£15.66,£15.76,£15.66,£0.10
35,CA-2018-107727,10/19/2018,2018,Oct,Qtr4,Second Class,MA-17560,Matt,Abelman,Home Office,United States,Houston,Texas,77095,Central,OFF-PA-10000249,Office Supplies,£29.47,7,£28.94,£206.30,£202.58,£3.72
36,CA-2017-117590,08/12/2017,2017,Aug,Qtr3,First Class,GH-14485,Gene,Hale,Corporate,United States,Richardson,Texas,75080,Central,TEC-PH-10004977,Technology,"£1,097.54",7,"£1,096.67","£7,682.81","£7,676.69",£6.12
37,CA-2017-117590,08/12/2017,2017,Aug,Qtr3,First Class,GH-14485,Gene,Hale,Corporate,United States,Richardson,Texas,75080,Central,FUR-FU-10003664,Furniture,£190.92,7,£190.80,"£1,336.44","£1,335.60",£0.84
38,CA-2016-117415,12/27/2016,2016,Dec,Qtr4,Standard Class,SN-20710,Steve,Nguyen,Home Office,United States,Houston,Texas,77041,Central,OFF-EN-10002986,Office Supplies,£113.33,7,£112.36,£793.30,£786.52,£6.78
39,CA-2016-117415,12/27/2016,2016,Dec,Qtr4,Standard Class,SN-20710,Steve,Nguyen,Home Office,United States,Houston,Texas,77041,Central,FUR-BO-10002545,Furniture,£532.40,7,£532.02,"£3,726.79","£3,724.14",£2.65
40,CA-2016-117415,12/27/2016,2016,Dec,Qtr4,Standard Class,SN-20710,Steve,Nguyen,Home Office,United States,Houston,Texas,77041,Central,FUR-CH-10004218,Furniture,£212.06,7,£211.08,"£1,484.41","£1,477.56",£6.85
41,CA-2016-117415,12/27/2016,2016,Dec,Qtr4,Standard Class,SN-20710,Steve,Nguyen,Home Office,United States,Houston,Texas,77041,Central,TEC-PH-10000486,Technology,£371.17,7,£370.36,"£2,598.18","£2,592.52",£5.66
42,CA-2018-120999,10/09/2018,2018,Oct,Qtr4,Standard Class,LC-16930,Linda,Cazamias,Corporate,United States,Naperville,Illinois,60540,Central,TEC-PH-10004093,Technology,£147.17,6,£146.34,£883.01,£878.04,£4.97
43,CA-2017-101343,07/17/2017,2017,Jul,Qtr3,Standard Class,RA-19885,Ruben,Ausman,Corporate,United States,Los Angeles,California,90049,West,OFF-ST-10003479,Office Supplies,£77.88,9,£77.43,£700.92,£696.87,£4.05
44,CA-2018-139619,09/19/2018,2018,Sep,Qtr3,Standard Class,ES-14080,Erin,Smith,Corporate,United States,Melbourne,Florida,32935,South,OFF-ST-10003282,Office Supplies,£95.62,3,£94.71,£286.85,£284.13,£2.72
45,CA-2017-118255,11/03/2017,2017,Nov,Qtr4,First Class,ON-18715,Odella,Nelson,Corporate,United States,Eagan,Minnesota,55122,Central,TEC-AC-10000171,Technology,£45.98,5,£45.84,£229.90,£229.20,£0.70
46,CA-2017-118255,11/03/2017,2017,Nov,Qtr4,First Class,ON-18715,Odella,Nelson,Corporate,United States,Eagan,Minnesota,55122,Central,OFF-BI-10003291,Office Supplies,£17.46,5,£17.12,£87.30,£85.60,£1.70
47,CA-2015-146703,10/20/2015,2015,Oct,Qtr4,Second Class,PO-18865,Patrick,O'Donnell,Consumer,United States,Westland,Michigan,48185,Central,OFF-ST-10001713,Office Supplies,£211.96,4,£211.46,£847.84,£845.84,£2.00
48,CA-2017-169194,06/20/2017,2017,Jun,Qtr2,Standard Class,LH-16900,Lena,Hernandez,Consumer,United States,Dover,Delaware,19901,East,TEC-AC-10002167,Technology,£45.00,1,£44.59,£45.00,£44.59,£0.41
49,CA-2017-169194,06/20/2017,2017,Jun,Qtr2,Standard Class,LH-16900,Lena,Hernandez,Consumer,United States,Dover,Delaware,19901,East,TEC-PH-10003988,Technology,£21.80,1,£21.04,£21.80,£21.04,£0.76
50,CA-2016-115742,04/18/2016,2016,Apr,Qtr2,Standard Class,DP-13000,Darren,Powers,Consumer,United States,New Albany,Indiana,47150,Central,OFF-BI-10004410,Office Supplies,£38.22,4,£37.28,£152.88,£149.12,£3.76
51,CA-2016-115742,04/18/2016,2016,Apr,Qtr2,Standard Class,DP-13000,Darren,Powers,Consumer,United States,New Albany,Indiana,47150,Central,OFF-LA-10002762,Office Supplies,£75.18,4,£75.01,£300.72,£300.04,£0.68
52,CA-2016-115742,04/18/2016,2016,Apr,Qtr2,Standard Class,DP-13000,Darren,Powers,Consumer,United States,New Albany,Indiana,47150,Central,FUR-FU-10001706,Furniture,£6.16,4,£6.03,£24.64,£24.12,£0.52
53,CA-2016-115742,04/18/2016,2016,Apr,Qtr2,Standard Class,DP-13000,Darren,Powers,Consumer,United States,New Albany,Indiana,47150,Central,FUR-CH-10003061,Furniture,£89.99,4,£89.04,£359.96,£356.16,£3.80
54,CA-2017-105816,11/12/2017,2017,Nov,Qtr4,Standard Class,JM-15265,Janet,Molinari,Corporate,United States,New York City,New York,10024,East,OFF-FA-10000304,Office Supplies,£15.26,1,£14.39,£15.26,£14.39,£0.87
55,CA-2017-105816,11/12/2017,2017,Nov,Qtr4,Standard Class,JM-15265,Janet,Molinari,Corporate,United States,New York City,New York,10024,East,TEC-PH-10002447,Technology,"£1,029.95",1,"£1,029.71","£1,029.95","£1,029.71",£0.24
56,CA-2017-111682,06/17/2017,2017,Jun,Qtr2,First Class,TB-21055,Ted,Butterfield,Consumer,United States,Troy,New York,12180,East,OFF-ST-10000604,Office Supplies,£208.56,1,£208.05,£208.56,£208.05,£0.51
57,CA-2017-111682,06/17/2017,2017,Jun,Qtr2,First Class,TB-21055,Ted,Butterfield,Consumer,United States,Troy,New York,12180,East,OFF-PA-10001569,Office Supplies,£32.40,1,£31.73,£32.40,£31.73,£0.67
58,CA-2017-111682,06/17/2017,2017,Jun,Qtr2,First Class,TB-21055,Ted,Butterfield,Consumer,United States,Troy,New York,12180,East,FUR-CH-10003968,Furniture,£319.41,1,£319.30,£319.41,£319.30,£0.11
59,CA-2017-111682,06/17/2017,2017,Jun,Qtr2,First Class,TB-21055,Ted,Butterfield,Consumer,United States,Troy,New York,12180,East,OFF-PA-10000587,Office Supplies,£14.56,1,£13.78,£14.56,£13.78,£0.78
60,CA-2017-111682,06/17/2017,2017,Jun,Qtr2,First Class,TB-21055,Ted,Butterfield,Consumer,United States,Troy,New York,12180,East,TEC-AC-10002167,Technology,£30.00,1,£29.62,£30.00,£29.62,£0.38
61,CA-2017-111682,06/17/2017,2017,Jun,Qtr2,First Class,TB-21055,Ted,Butterfield,Consumer,United States,Troy,New York,12180,East,OFF-BI-10001460,Office Supplies,£48.48,1,£48.41,£48.48,£48.41,£0.07
62,CA-2017-111682,06/17/2017,2017,Jun,Qtr2,First Class,TB-21055,Ted,Butterfield,Consumer,United States,Troy,New York,12180,East,OFF-AR-10001868,Office Supplies,£1.68,1,£0.97,£1.68,£0.97,£0.71
63,CA-2016-135545,11/24/2016,2016,Nov,Qtr4,Standard Class,KM-16720,Kunst,Miller,Consumer,United States,Los Angeles,California,90004,West,TEC-AC-10004633,Technology,£13.98,9,£13.69,£125.82,£123.21,£2.61
64,CA-2016-135545,11/24/2016,2016,Nov,Qtr4,Standard Class,KM-16720,Kunst,Miller,Consumer,United States,Los Angeles,California,90004,West,OFF-BI-10001078,Office Supplies,£25.82,9,£25.30,£232.42,£227.70,£4.72
65,CA-2016-135545,11/24/2016,2016,Nov,Qtr4,Standard Class,KM-16720,Kunst,Miller,Consumer,United States,Los Angeles,California,90004,West,OFF-PA-10003892,Office Supplies,£146.73,9,£146.32,"£1,320.57","£1,316.88",£3.69
66,CA-2016-135545,11/24/2016,2016,Nov,Qtr4,Standard Class,KM-16720,Kunst,Miller,Consumer,United States,Los Angeles,California,90004,West,FUR-FU-10000397,Furniture,£79.76,9,£79.56,£717.84,£716.04,£1.80
67,US-2016-164175,04/30/2016,2016,Apr,Qtr2,Standard Class,PS-18970,Paul,Stevenson,Home Office,United States,Chicago,Illinois,60610,Central,FUR-CH-10001146,Furniture,£213.12,6,£212.69,"£1,278.69","£1,276.14",£2.55
68,CA-2015-106376,05/12/2015,2015,May,Qtr2,Standard Class,BS-11590,Brendan,Sweed,Corporate,United States,Gilbert,Arizona,85234,West,OFF-AR-10002671,Office Supplies,"£1,113.02",8,"£1,112.23","£8,904.19","£8,897.84",£6.35
69,CA-2015-106376,05/12/2015,2015,May,Qtr2,Standard Class,BS-11590,Brendan,Sweed,Corporate,United States,Gilbert,Arizona,85234,West,TEC-PH-10002726,Technology,£167.97,8,£167.14,"£1,343.74","£1,337.12",£6.62
70,CA-2017-119823,04/06/2017,2017,Apr,Qtr2,First Class,KD-16270,Karen,Daniels,Consumer,United States,Springfield,Virginia,22153,South,OFF-PA-10000482,Office Supplies,£75.88,2,£74.93,£151.76,£149.86,£1.90
71,CA-2017-106075,09/18/2017,2017,Sep,Qtr3,Standard Class,HM-14980,Henry,MacAllister,Consumer,United States,New York City,New York,10009,East,OFF-BI-10004654,Office Supplies,£4.62,1,£3.87,£4.62,£3.87,£0.75
72,CA-2018-114440,09/14/2018,2018,Sep,Qtr3,Second Class,TB-21520,Tracy,Blumstein,Consumer,United States,Jackson,Michigan,49201,Central,OFF-PA-10004675,Office Supplies,£19.05,4,£18.79,£76.20,£75.16,£1.04
73,US-2016-134026,04/26/2016,2016,Apr,Qtr2,Standard Class,JE-15745,Joel,Eaton,Consumer,United States,Memphis,Tennessee,38109,South,FUR-CH-10000513,Furniture,£831.94,3,£831.72,"£2,495.81","£2,495.16",£0.65
74,US-2016-134026,04/26/2016,2016,Apr,Qtr2,Standard Class,JE-15745,Joel,Eaton,Consumer,United States,Memphis,Tennessee,38109,South,FUR-FU-10003708,Furniture,£97.04,3,£96.98,£291.12,£290.94,£0.18
75,US-2016-134026,04/26/2016,2016,Apr,Qtr2,Standard Class,JE-15745,Joel,Eaton,Consumer,United States,Memphis,Tennessee,38109,South,OFF-ST-10004123,Office Supplies,£72.78,3,£72.57,£218.35,£217.71,£0.64
76,US-2018-118038,09/12/2018,2018,Sep,Qtr3,First Class,KB-16600,Ken,Brennan,Corporate,United States,Houston,Texas,77041,Central,OFF-BI-10004182,Office Supplies,£1.25,7,£0.33,£8.74,£2.31,£6.43
77,US-2018-118038,09/12/2018,2018,Sep,Qtr3,First Class,KB-16600,Ken,Brennan,Corporate,United States,Houston,Texas,77041,Central,FUR-FU-10000260,Furniture,£9.71,7,£8.88,£67.96,£62.16,£5.80
78,US-2018-118038,09/12/2018,2018,Sep,Qtr3,First Class,KB-16600,Ken,Brennan,Corporate,United States,Houston,Texas,77041,Central,OFF-ST-10000615,Office Supplies,£27.24,7,£26.58,£190.68,£186.06,£4.62
79,US-2015-147606,11/26/2015,2015,Nov,Qtr4,Second Class,JE-15745,Joel,Eaton,Consumer,United States,Houston,Texas,77070,Central,FUR-FU-10003194,Furniture,£19.30,7,£18.65,£135.10,£130.55,£4.55
80,CA-2017-127208,12/06/2017,2017,Dec,Qtr4,First Class,SC-20770,Stewart,Carmichael,Corporate,United States,Decatur,Alabama,35601,South,OFF-AP-10002118,Office Supplies,£208.16,3,£208.11,£624.48,£624.33,£0.15
81,CA-2017-127208,12/06/2017,2017,Dec,Qtr4,First Class,SC-20770,Stewart,Carmichael,Corporate,United States,Decatur,Alabama,35601,South,OFF-BI-10002309,Office Supplies,£16.74,3,£16.28,£50.22,£48.84,£1.38
82,CA-2015-139451,12/10/2015,2015,Dec,Qtr4,Standard Class,DN-13690,Duane,Noonan,Consumer,United States,San Francisco,California,94122,West,OFF-AR-10002053,Office Supplies,£14.90,9,£14.61,£134.10,£131.49,£2.61
83,CA-2015-139451,12/10/2015,2015,Dec,Qtr4,Standard Class,DN-13690,Duane,Noonan,Consumer,United States,San Francisco,California,94122,West,OFF-ST-10002370,Office Supplies,£21.39,9,£20.68,£192.51,£186.12,£6.39
84,CA-2016-149734,03/09/2016,2016,Mar,Qtr1,Standard Class,JC-16105,Julie,Creighton,Corporate,United States,Durham,North Carolina,27707,South,OFF-EN-10000927,Office Supplies,£200.98,2,£200.44,£401.97,£400.88,£1.09
85,US-2018-119662,11/13/2018,2018,Nov,Qtr4,First Class,CS-12400,Christopher,Schild,Home Office,United States,Chicago,Illinois,60623,Central,OFF-ST-10003656,Office Supplies,£230.38,6,£229.82,"£1,382.26","£1,378.92",£3.34
86,CA-2018-140088,05/28/2018,2018,May,Qtr2,Second Class,PO-18865,Patrick,O'Donnell,Consumer,United States,Columbia,South Carolina,29203,South,FUR-CH-10000863,Furniture,£301.96,2,£301.07,£603.92,£602.14,£1.78
87,CA-2018-155558,10/26/2018,2018,Oct,Qtr4,Standard Class,PG-18895,Paul,Gonzalez,Consumer,United States,Rochester,Minnesota,55901,Central,TEC-AC-10001998,Technology,£19.99,5,£19.77,£99.95,£98.85,£1.10
88,CA-2018-155558,10/26/2018,2018,Oct,Qtr4,Standard Class,PG-18895,Paul,Gonzalez,Consumer,United States,Rochester,Minnesota,55901,Central,OFF-LA-10000134,Office Supplies,£6.16,5,£5.27,£30.80,£26.35,£4.45
89,CA-2017-159695,05/04/2017,2017,May,Qtr2,Second Class,GM-14455,Gary,Mitchum,Home Office,United States,Houston,Texas,77095,Central,OFF-ST-10003442,Office Supplies,£158.37,7,£158.13,"£1,108.58","£1,106.91",£1.67
90,CA-2017-109806,09/17/2017,2017,Sep,Qtr3,Standard Class,JS-15685,Jim,Sink,Corporate,United States,Los Angeles,California,90036,West,OFF-AR-10004930,Office Supplies,£20.10,9,£19.41,£180.90,£174.69,£6.21
91,CA-2017-109806,09/17/2017,2017,Sep,Qtr3,Standard Class,JS-15685,Jim,Sink,Corporate,United States,Los Angeles,California,90036,West,TEC-PH-10004093,Technology,£73.58,9,£73.53,£662.26,£661.77,£0.49
92,CA-2017-109806,09/17/2017,2017,Sep,Qtr3,Standard Class,JS-15685,Jim,Sink,Corporate,United States,Los Angeles,California,90036,West,OFF-PA-10000304,Office Supplies,£6.48,9,£6.27,£58.32,£56.43,£1.89
93,CA-2016-149587,01/31/2016,2016,Jan,Qtr1,Second Class,KB-16315,Karl,Braun,Consumer,United States,Minneapolis,Minnesota,55407,Central,OFF-PA-10003177,Office Supplies,£12.96,5,£12.69,£64.80,£63.45,£1.35
94,CA-2016-149587,01/31/2016,2016,Jan,Qtr1,Second Class,KB-16315,Karl,Braun,Consumer,United States,Minneapolis,Minnesota,55407,Central,FUR-FU-10003799,Furniture,£53.34,5,£53.30,£266.70,£266.50,£0.20
95,CA-2016-149587,01/31/2016,2016,Jan,Qtr1,Second Class,KB-16315,Karl,Braun,Consumer,United States,Minneapolis,Minnesota,55407,Central,OFF-BI-10002852,Office Supplies,£32.96,5,£32.55,£164.80,£162.75,£2.05
96,US-2018-109484,06/11/2018,2018,Jun,Qtr2,Standard Class,RB-19705,Roger,Barcio,Home Office,United States,Portland,Oregon,97206,West,OFF-BI-10004738,Office Supplies,£5.68,9,£5.25,£51.14,£47.25,£3.89
97,CA-2018-161018,09/11/2018,2018,Sep,Qtr3,Second Class,PN-18775,Parhena,Norris,Home Office,United States,New York City,New York,10009,East,FUR-FU-10000629,Furniture,£96.53,1,£95.66,£96.53,£95.66,£0.87
98,CA-2018-157833,06/17/2018,2018,Jun,Qtr2,First Class,KD-16345,Katherine,Ducich,Consumer,United States,San Francisco,California,94122,West,OFF-BI-10001721,Office Supplies,£51.31,9,£50.59,£461.81,£455.31,£6.50
99,CA-2017-149223,06/09/2017,2017,Jun,Qtr2,Standard Class,ER-13855,Elpida,Rittenbach,Corporate,United States,Saint Paul,Minnesota,55106,Central,OFF-AP-10000358,Office Supplies,£77.88,5,£77.71,£389.40,£388.55,£0.85
100,CA-2017-158568,08/29/2017,2017,Aug,Qtr3,Standard Class,RB-19465,Rick,Bensley,Home Office,United States,Chicago,Illinois,60610,Central,OFF-PA-10003256,Office Supplies,£64.62,6,£63.94,£387.74,£383.64,£4.10
101,CA-2017-158568,08/29/2017,2017,Aug,Qtr3,Standard Class,RB-19465,Rick,Bensley,Home Office,United States,Chicago,Illinois,60610,Central,TEC-AC-10001767,Technology,£95.98,6,£95.67,£575.86,£574.02,£1.84
102,CA-2017-158568,08/29/2017,2017,Aug,Qtr3,Standard Class,RB-19465,Rick,Bensley,Home Office,United States,Chicago,Illinois,60610,Central,OFF-BI-10002609,Office Supplies,£1.79,6,£1.03,£10.73,£6.18,£4.55
103,CA-2017-129903,01/12/2017,2017,Jan,Qtr1,Second Class,GZ-14470,Gary,Zandusky,Consumer,United States,Rochester,Minnesota,55901,Central,OFF-PA-10004040,Office Supplies,£23.92,5,£23.15,£119.60,£115.75,£3.85
104,US-2016-156867,11/13/2016,2016,Nov,Qtr4,Standard Class,LC-16870,Lena,Cacioppo,Consumer,United States,Aurora,Colorado,80013,West,TEC-AC-10001552,Technology,£238.90,8,£238.02,"£1,911.17","£1,904.16",£7.01
105,US-2016-156867,11/13/2016,2016,Nov,Qtr4,Standard Class,LC-16870,Lena,Cacioppo,Consumer,United States,Aurora,Colorado,80013,West,FUR-FU-10004006,Furniture,£102.36,8,£101.97,£818.88,£815.76,£3.12
106,US-2016-156867,11/13/2016,2016,Nov,Qtr4,Standard Class,LC-16870,Lena,Cacioppo,Consumer,United States,Aurora,Colorado,80013,West,OFF-BI-10002794,Office Supplies,£36.88,8,£36.75,£295.06,£294.00,£1.06
107,CA-2018-119004,11/23/2018,2018,Nov,Qtr4,Standard Class,JM-15250,Janet,Martin,Consumer,United States,Charlotte,North Carolina,28205,South,TEC-AC-10003499,Technology,£74.11,2,£73.41,£148.22,£146.82,£1.40
108,CA-2018-119004,11/23/2018,2018,Nov,Qtr4,Standard Class,JM-15250,Janet,Martin,Consumer,United States,Charlotte,North Carolina,28205,South,TEC-PH-10002844,Technology,£27.99,2,£27.88,£55.98,£55.76,£0.22
109,CA-2018-119004,11/23/2018,2018,Nov,Qtr4,Standard Class,JM-15250,Janet,Martin,Consumer,United States,Charlotte,North Carolina,28205,South,OFF-AR-10000390,Office Supplies,£3.30,2,£2.47,£6.61,£4.94,£1.67
110,CA-2016-129476,10/15/2016,2016,Oct,Qtr4,Standard Class,PA-19060,Pete,Armstrong,Home Office,United States,Orland Park,Illinois,60462,Central,TEC-AC-10000844,Technology,£339.96,6,£339.63,"£2,039.76","£2,037.78",£1.98
111,CA-2018-146780,12/25/2018,2018,Dec,Qtr4,Standard Class,CV-12805,Cynthia,Voltz,Corporate,United States,New York City,New York,10035,East,FUR-FU-10001934,Furniture,£41.96,1,£41.02,£41.96,£41.02,£0.94
112,CA-2017-128867,03/11/2017,2017,Mar,Qtr1,Standard Class,CL-12565,Clay,Ludtke,Consumer,United States,Urbandale,Iowa,50322,Central,OFF-AR-10000380,Office Supplies,£75.96,5,£75.30,£379.80,£376.50,£3.30
113,CA-2017-128867,03/11/2017,2017,Mar,Qtr1,Standard Class,CL-12565,Clay,Ludtke,Consumer,United States,Urbandale,Iowa,50322,Central,OFF-BI-10003981,Office Supplies,£27.24,5,£26.80,£136.20,£134.00,£2.20
114,CA-2015-115259,08/25/2015,2015,Aug,Qtr3,Second Class,RC-19960,Ryan,Crowe,Consumer,United States,Columbus,Ohio,43229,East,OFF-FA-10000621,Office Supplies,£40.10,4,£39.18,£160.38,£156.72,£3.66
115,CA-2015-115259,08/25/2015,2015,Aug,Qtr3,Second Class,RC-19960,Ryan,Crowe,Consumer,United States,Columbus,Ohio,43229,East,OFF-EN-10002600,Office Supplies,£4.72,4,£4.56,£18.88,£18.24,£0.64
116,CA-2015-115259,08/25/2015,2015,Aug,Qtr3,Second Class,RC-19960,Ryan,Crowe,Consumer,United States,Columbus,Ohio,43229,East,OFF-PA-10004965,Office Supplies,£23.98,4,£23.97,£95.90,£95.88,£0.02
117,CA-2015-115259,08/25/2015,2015,Aug,Qtr3,Second Class,RC-19960,Ryan,Crowe,Consumer,United States,Columbus,Ohio,43229,East,OFF-EN-10002504,Office Supplies,£130.46,4,£129.68,£521.86,£518.72,£3.14
118,CA-2016-110457,02/03/2016,2016,Feb,Qtr1,Standard Class,DK-13090,Dave,Kipp,Consumer,United States,Seattle,Washington,98103,West,FUR-TA-10001768,Furniture,£787.53,9,£786.93,"£7,087.77","£7,082.37",£5.40
119,US-2016-136476,05/04/2016,2016,May,Qtr2,Standard Class,GG-14650,Greg,Guthrie,Corporate,United States,Bristol,Tennessee,37620,South,OFF-BI-10003650,Office Supplies,£157.79,3,£156.91,£473.38,£470.73,£2.65
120,CA-2017-103730,12/06/2017,2017,Dec,Qtr4,First Class,SC-20725,Steven,Cartwright,Consumer,United States,Wilmington,Delaware,19805,East,FUR-FU-10002157,Furniture,£47.04,1,£46.83,£47.04,£46.83,£0.21
121,CA-2017-103730,12/06/2017,2017,Dec,Qtr4,First Class,SC-20725,Steven,Cartwright,Consumer,United States,Wilmington,Delaware,19805,East,OFF-BI-10003910,Office Supplies,£30.84,1,£30.78,£30.84,£30.78,£0.06
122,CA-2017-103730,12/06/2017,2017,Dec,Qtr4,First Class,SC-20725,Steven,Cartwright,Consumer,United States,Wilmington,Delaware,19805,East,OFF-ST-10000777,Office Supplies,£226.56,1,£225.99,£226.56,£225.99,£0.57
123,CA-2017-103730,12/06/2017,2017,Dec,Qtr4,First Class,SC-20725,Steven,Cartwright,Consumer,United States,Wilmington,Delaware,19805,East,OFF-EN-10002500,Office Supplies,£115.02,1,£114.44,£115.02,£114.44,£0.58
124,CA-2017-103730,12/06/2017,2017,Dec,Qtr4,First Class,SC-20725,Steven,Cartwright,Consumer,United States,Wilmington,Delaware,19805,East,TEC-PH-10003875,Technology,£68.04,1,£67.05,£68.04,£67.05,£0.99
125,US-2015-152030,12/26/2015,2015,Dec,Qtr4,Second Class,AD-10180,Alan,Dominguez,Home Office,United States,Houston,Texas,77041,Central,FUR-CH-10004063,Furniture,£600.56,7,£600.44,"£4,203.91","£4,203.08",£0.83
126,US-2015-134614,09/20/2015,2015,Sep,Qtr3,Standard Class,PF-19165,Philip,Fox,Consumer,United States,Bloomington,Illinois,61701,Central,FUR-TA-10004534,Furniture,£617.70,6,£616.90,"£3,706.20","£3,701.40",£4.80
127,US-2018-107272,05/11/2018,2018,May,Qtr2,Standard Class,TS-21610,Troy,Staebel,Consumer,United States,Phoenix,Arizona,85023,West,OFF-BI-10003274,Office Supplies,£2.39,8,£2.19,£19.10,£17.52,£1.58
128,US-2018-107272,05/11/2018,2018,May,Qtr2,Standard Class,TS-21610,Troy,Staebel,Consumer,United States,Phoenix,Arizona,85023,West,OFF-ST-10002974,Office Supplies,£243.99,8,£243.79,"£1,951.94","£1,950.32",£1.62
129,US-2017-125969,06/11/2017,2017,Jun,Qtr2,Second Class,LS-16975,Lindsay,Shagiari,Home Office,United States,Los Angeles,California,90004,West,FUR-CH-10001146,Furniture,£81.42,9,£80.61,£732.82,£725.49,£7.33
130,US-2017-125969,06/11/2017,2017,Jun,Qtr2,Second Class,LS-16975,Lindsay,Shagiari,Home Office,United States,Los Angeles,California,90004,West,FUR-FU-10003773,Furniture,£238.56,9,£238.11,"£2,147.04","£2,142.99",£4.05
131,US-2018-164147,02/02/2018,2018,Feb,Qtr1,First Class,DW-13585,Dorothy,Wardle,Corporate,United States,Columbus,Ohio,43229,East,TEC-PH-10002293,Technology,£59.97,4,£59.36,£239.88,£237.44,£2.44
132,US-2018-164147,02/02/2018,2018,Feb,Qtr1,First Class,DW-13585,Dorothy,Wardle,Corporate,United States,Columbus,Ohio,43229,East,OFF-PA-10002377,Office Supplies,£78.30,4,£78.24,£313.22,£312.96,£0.26
133,US-2018-164147,02/02/2018,2018,Feb,Qtr1,First Class,DW-13585,Dorothy,Wardle,Corporate,United States,Columbus,Ohio,43229,East,OFF-FA-10002780,Office Supplies,£21.46,4,£20.85,£85.82,£83.40,£2.42
134,CA-2017-145583,10/13/2017,2017,Oct,Qtr4,Standard Class,LC-16885,Lena,Creighton,Consumer,United States,Roseville,California,95661,West,OFF-PA-10001804,Office Supplies,£20.04,9,£20.00,£180.36,£180.00,£0.36
135,CA-2017-145583,10/13/2017,2017,Oct,Qtr4,Standard Class,LC-16885,Lena,Creighton,Consumer,United States,Roseville,California,95661,West,OFF-PA-10001736,Office Supplies,£35.44,9,£35.26,£318.96,£317.34,£1.62
136,CA-2017-145583,10/13/2017,2017,Oct,Qtr4,Standard Class,LC-16885,Lena,Creighton,Consumer,United States,Roseville,California,95661,West,OFF-AR-10001149,Office Supplies,£11.52,9,£10.88,£103.68,£97.92,£5.76
137,CA-2017-145583,10/13/2017,2017,Oct,Qtr4,Standard Class,LC-16885,Lena,Creighton,Consumer,United States,Roseville,California,95661,West,OFF-FA-10002988,Office Supplies,£4.02,9,£3.77,£36.18,£33.93,£2.25
138,CA-2017-145583,10/13/2017,2017,Oct,Qtr4,Standard Class,LC-16885,Lena,Creighton,Consumer,United States,Roseville,California,95661,West,OFF-BI-10004781,Office Supplies,£76.18,9,£76.02,£685.58,£684.18,£1.40
139,CA-2017-145583,10/13/2017,2017,Oct,Qtr4,Standard Class,LC-16885,Lena,Creighton,Consumer,United States,Roseville,California,95661,West,OFF-SU-10001218,Office Supplies,£65.88,9,£65.27,£592.92,£587.43,£5.49
140,CA-2017-145583,10/13/2017,2017,Oct,Qtr4,Standard Class,LC-16885,Lena,Creighton,Consumer,United States,Roseville,California,95661,West,FUR-FU-10001706,Furniture,£43.12,9,£42.27,£388.08,£380.43,£7.65
141,CA-2017-110366,05/09/2017,2017,May,Qtr2,Second Class,JD-15895,Jonathan,Doherty,Corporate,United States,Philadelphia,Pennsylvania,19140,East,FUR-FU-10004848,Furniture,£82.80,1,£82.56,£82.80,£82.56,£0.24
142,CA-2018-106180,09/18/2018,2018,Sep,Qtr3,Standard Class,SH-19975,Sally,Hughsby,Corporate,United States,San Francisco,California,94122,West,OFF-AR-10000940,Office Supplies,£8.82,9,£8.76,£79.38,£78.84,£0.54
143,CA-2018-106180,09/18/2018,2018,Sep,Qtr3,Standard Class,SH-19975,Sally,Hughsby,Corporate,United States,San Francisco,California,94122,West,OFF-EN-10004030,Office Supplies,£10.86,9,£10.56,£97.74,£95.04,£2.70
144,CA-2018-106180,09/18/2018,2018,Sep,Qtr3,Standard Class,SH-19975,Sally,Hughsby,Corporate,United States,San Francisco,California,94122,West,OFF-PA-10004327,Office Supplies,£143.70,9,£143.52,"£1,293.30","£1,291.68",£1.62
145,CA-2018-155376,12/22/2018,2018,Dec,Qtr4,Standard Class,SG-20080,Sandra,Glassco,Consumer,United States,Independence,Missouri,64055,Central,OFF-AP-10001058,Office Supplies,£839.43,6,£838.57,"£5,036.58","£5,031.42",£5.16
146,CA-2016-110744,07/09/2016,2016,Jul,Qtr3,Standard Class,HA-14920,Helen,Andreada,Consumer,United States,Pasadena,California,91104,West,OFF-ST-10003656,Office Supplies,£671.93,9,£671.11,"£6,047.37","£6,039.99",£7.38
147,CA-2015-110072,10/22/2015,2015,Oct,Qtr4,Standard Class,MG-17680,Maureen,Gastineau,Home Office,United States,Newark,Ohio,43055,East,FUR-FU-10000521,Furniture,£93.89,4,£93.42,£375.55,£373.68,£1.87
148,CA-2017-114489,05/12/2017,2017,May,Qtr2,Standard Class,JE-16165,Justin,Ellison,Corporate,United States,Franklin,Wisconsin,53132,Central,TEC-PH-10000215,Technology,£384.45,5,£383.76,"£1,922.25","£1,918.80",£3.45
149,CA-2017-114489,05/12/2017,2017,May,Qtr2,Standard Class,JE-16165,Justin,Ellison,Corporate,United States,Franklin,Wisconsin,53132,Central,TEC-PH-10001448,Technology,£149.97,5,£149.92,£749.85,£749.60,£0.25
150,CA-2017-114489,05/12/2017,2017,May,Qtr2,Standard Class,JE-16165,Justin,Ellison,Corporate,United States,Franklin,Wisconsin,53132,Central,FUR-CH-10000454,Furniture,"£1,951.84",5,"£1,950.87","£9,759.20","£9,754.35",£4.85
151,CA-2017-114489,05/12/2017,2017,May,Qtr2,Standard Class,JE-16165,Justin,Ellison,Corporate,United States,Franklin,Wisconsin,53132,Central,OFF-BI-10002735,Office Supplies,£171.55,5,£170.65,£857.75,£853.25,£4.50
152,CA-2017-158834,03/13/2017,2017,Mar,Qtr1,First Class,TW-21025,Tamara,Willingham,Home Office,United States,Scottsdale,Arizona,85254,West,OFF-AP-10000326,Office Supplies,£157.92,8,£157.40,"£1,263.36","£1,259.20",£4.16
153,CA-2017-158834,03/13/2017,2017,Mar,Qtr1,First Class,TW-21025,Tamara,Willingham,Home Office,United States,Scottsdale,Arizona,85254,West,TEC-PH-10001254,Technology,£203.18,8,£202.89,"£1,625.47","£1,623.12",£2.35
154,CA-2016-124919,05/31/2016,2016,May,Qtr2,First Class,SP-20650,Stephanie,Phelps,Corporate,United States,San Jose,California,95123,West,OFF-PA-10001950,Office Supplies,£58.38,9,£57.90,£525.42,£521.10,£4.32
155,CA-2016-124919,05/31/2016,2016,May,Qtr2,First Class,SP-20650,Stephanie,Phelps,Corporate,United States,San Jose,California,95123,West,OFF-PA-10002254,Office Supplies,£105.52,9,£104.63,£949.68,£941.67,£8.01
156,CA-2016-124919,05/31/2016,2016,May,Qtr2,First Class,SP-20650,Stephanie,Phelps,Corporate,United States,San Jose,California,95123,West,OFF-ST-10001590,Office Supplies,£80.88,9,£80.53,£727.92,£724.77,£3.15
157,CA-2016-118948,05/28/2016,2016,May,Qtr2,Standard Class,NK-18490,Neil,Knudson,Home Office,United States,Seattle,Washington,98105,West,OFF-AR-10001547,Office Supplies,£6.63,9,£6.47,£59.67,£58.23,£1.44
158,CA-2015-104269,01/03/2015,2015,Jan,Qtr1,Second Class,DB-13060,Dave,Brooks,Consumer,United States,Seattle,Washington,98115,West,FUR-CH-10004063,Furniture,£457.57,9,£457.38,"£4,118.11","£4,116.42",£1.69
159,CA-2017-114104,11/20/2017,2017,Nov,Qtr4,Standard Class,NP-18670,Nora,Paige,Consumer,United States,Edmond,Oklahoma,73034,Central,OFF-LA-10002475,Office Supplies,£14.62,7,£14.22,£102.34,£99.54,£2.80
160,CA-2017-114104,11/20/2017,2017,Nov,Qtr4,Standard Class,NP-18670,Nora,Paige,Consumer,United States,Edmond,Oklahoma,73034,Central,TEC-PH-10004536,Technology,£944.93,7,£944.09,"£6,614.51","£6,608.63",£5.88
161,CA-2017-162733,11/05/2017,2017,Nov,Qtr4,First Class,TT-21070,Ted,Trevino,Consumer,United States,Los Angeles,California,90045,West,OFF-PA-10002751,Office Supplies,£5.98,9,£5.79,£53.82,£52.11,£1.71
162,CA-2016-119697,12/28/2016,2016,Dec,Qtr4,Second Class,EM-13960,Eric,Murdock,Consumer,United States,Philadelphia,Pennsylvania,19134,East,TEC-AC-10003657,Technology,£54.38,1,£54.30,£54.38,£54.30,£0.08
163,CA-2017-154508,11/16/2017,2017,Nov,Qtr4,Standard Class,RD-19900,Ruben,Dartt,Consumer,United States,Carlsbad,New Mexico,88220,West,OFF-EN-10001990,Office Supplies,£28.40,8,£28.11,£227.20,£224.88,£2.32
164,CA-2017-113817,07/11/2017,2017,Jul,Qtr3,Standard Class,MJ-17740,Max,Jones,Consumer,United States,Seattle,Washington,98115,West,OFF-BI-10004002,Office Supplies,£27.68,9,£27.09,£249.12,£243.81,£5.31
165,CA-2015-139892,08/09/2015,2015,Aug,Qtr3,Standard Class,BM-11140,Becky,Martin,Consumer,United States,San Antonio,Texas,78207,Central,OFF-AR-10004441,Office Supplies,£9.94,7,£8.96,£69.55,£62.72,£6.83
166,CA-2015-139892,08/09/2015,2015,Aug,Qtr3,Standard Class,BM-11140,Becky,Martin,Consumer,United States,San Antonio,Texas,78207,Central,TEC-MA-10000822,Technology,"£8,159.95",7,"£8,159.36","£57,119.66","£57,115.52",£4.14
167,CA-2015-139892,08/09/2015,2015,Aug,Qtr3,Standard Class,BM-11140,Becky,Martin,Consumer,United States,San Antonio,Texas,78207,Central,OFF-ST-10000991,Office Supplies,£275.93,7,£275.48,"£1,931.50","£1,928.36",£3.14
168,CA-2015-139892,08/09/2015,2015,Aug,Qtr3,Standard Class,BM-11140,Becky,Martin,Consumer,United States,San Antonio,Texas,78207,Central,FUR-CH-10004287,Furniture,"£1,740.06",7,"£1,739.72","£12,180.42","£12,178.04",£2.38
169,CA-2015-139892,08/09/2015,2015,Aug,Qtr3,Standard Class,BM-11140,Becky,Martin,Consumer,United States,San Antonio,Texas,78207,Central,OFF-AR-10002656,Office Supplies,£32.06,7,£31.90,£224.45,£223.30,£1.15
170,CA-2015-139892,08/09/2015,2015,Aug,Qtr3,Standard Class,BM-11140,Becky,Martin,Consumer,United States,San Antonio,Texas,78207,Central,OFF-AP-10002518,Office Supplies,£177.98,7,£177.53,"£1,245.86","£1,242.71",£3.15
171,CA-2015-139892,08/09/2015,2015,Aug,Qtr3,Standard Class,BM-11140,Becky,Martin,Consumer,United States,San Antonio,Texas,78207,Central,TEC-PH-10003931,Technology,£143.98,7,£143.23,"£1,007.83","£1,002.61",£5.22
172,CA-2015-118962,05/08/2015,2015,May,Qtr2,Standard Class,CS-12130,Chad,Sievert,Consumer,United States,Los Angeles,California,90004,West,OFF-PA-10000659,Office Supplies,£20.94,9,£20.32,£188.46,£182.88,£5.58
173,CA-2015-118962,05/08/2015,2015,May,Qtr2,Standard Class,CS-12130,Chad,Sievert,Consumer,United States,Los Angeles,California,90004,West,OFF-PA-10001144,Office Supplies,£110.96,9,£110.30,£998.64,£992.70,£5.94
174,CA-2015-118962,05/08/2015,2015,May,Qtr2,Standard Class,CS-12130,Chad,Sievert,Consumer,United States,Los Angeles,California,90004,West,FUR-CH-10003817,Furniture,£340.14,9,£339.46,"£3,061.30","£3,055.14",£6.16
175,US-2015-100853,09/14/2015,2015,Sep,Qtr3,Standard Class,JB-15400,Jennifer,Braxton,Corporate,United States,Chicago,Illinois,60623,Central,OFF-AP-10000891,Office Supplies,£52.45,6,£51.78,£314.69,£310.68,£4.01
176,US-2015-100853,09/14/2015,2015,Sep,Qtr3,Standard Class,JB-15400,Jennifer,Braxton,Corporate,United States,Chicago,Illinois,60623,Central,OFF-LA-10003148,Office Supplies,£20.16,6,£19.40,£120.96,£116.40,£4.56
177,US-2018-152366,04/21/2018,2018,Apr,Qtr2,Second Class,SJ-20500,Shirley,Jackson,Consumer,United States,Houston,Texas,77036,Central,OFF-AP-10002684,Office Supplies,£97.26,7,£96.62,£680.85,£676.34,£4.51
178,US-2016-101511,11/21/2016,2016,Nov,Qtr4,Second Class,JE-15745,Joel,Eaton,Consumer,United States,Newark,Ohio,43055,East,FUR-CH-10004698,Furniture,£396.80,4,£396.53,"£1,587.21","£1,586.12",£1.09
179,US-2016-101511,11/21/2016,2016,Nov,Qtr4,Second Class,JE-15745,Joel,Eaton,Consumer,United States,Newark,Ohio,43055,East,OFF-SU-10002189,Office Supplies,£15.88,4,£15.70,£63.52,£62.80,£0.72
180,CA-2016-137225,12/15/2016,2016,Dec,Qtr4,Standard Class,JK-15640,Jim,Kriz,Home Office,United States,New York City,New York,10009,East,OFF-AR-10001940,Office Supplies,£3.28,1,£2.32,£3.28,£2.32,£0.96
181,CA-2015-166191,05/12/2015,2015,May,Qtr2,Second Class,DK-13150,David,Kendrick,Corporate,United States,Decatur,Illinois,62521,Central,OFF-ST-10003455,Office Supplies,£24.82,6,£24.64,£148.90,£147.84,£1.06
182,CA-2015-166191,05/12/2015,2015,May,Qtr2,Second Class,DK-13150,David,Kendrick,Corporate,United States,Decatur,Illinois,62521,Central,TEC-AC-10004659,Technology,£408.74,6,£408.52,"£2,452.46","£2,451.12",£1.34
183,CA-2015-158274,11/19/2015,2015,Nov,Qtr4,Second Class,RM-19675,Robert,Marley,Home Office,United States,Monroe,Louisiana,71203,South,TEC-PH-10003273,Technology,£503.96,7,£503.87,"£3,527.72","£3,527.09",£0.63
184,CA-2015-158274,11/19/2015,2015,Nov,Qtr4,Second Class,RM-19675,Robert,Marley,Home Office,United States,Monroe,Louisiana,71203,South,TEC-PH-10004896,Technology,£149.95,7,£149.34,"£1,049.65","£1,045.38",£4.27
185,CA-2015-158274,11/19/2015,2015,Nov,Qtr4,Second Class,RM-19675,Robert,Marley,Home Office,United States,Monroe,Louisiana,71203,South,TEC-AC-10002345,Technology,£29.00,7,£28.46,£203.00,£199.22,£3.78
186,CA-2017-105018,11/28/2017,2017,Nov,Qtr4,Standard Class,SK-19990,Sally,Knutson,Consumer,United States,Fairfield,Connecticut,6824,East,OFF-BI-10001890,Office Supplies,£7.16,6,£6.85,£42.96,£41.10,£1.86
187,CA-2015-123260,08/26/2015,2015,Aug,Qtr3,Standard Class,FM-14290,Frank,Merwin,Home Office,United States,Los Angeles,California,90032,West,TEC-AC-10002323,Technology,£176.80,9,£176.49,"£1,591.20","£1,588.41",£2.79
188,CA-2017-157000,07/16/2017,2017,Jul,Qtr3,Standard Class,AM-10360,Alice,McCarthy,Corporate,United States,Grand Prairie,Texas,75051,Central,OFF-ST-10001328,Office Supplies,£37.22,7,£37.03,£260.57,£259.21,£1.36
189,CA-2017-157000,07/16/2017,2017,Jul,Qtr3,Standard Class,AM-10360,Alice,McCarthy,Corporate,United States,Grand Prairie,Texas,75051,Central,OFF-PA-10001950,Office Supplies,£20.02,7,£19.38,£140.11,£135.66,£4.45
190,CA-2016-102281,12/10/2016,2016,Dec,Qtr4,First Class,MP-17470,Mark,Packer,Home Office,United States,New York City,New York,10035,East,FUR-BO-10002613,Furniture,£899.14,1,£898.53,£899.14,£898.53,£0.61
191,CA-2016-102281,12/10/2016,2016,Dec,Qtr4,First Class,MP-17470,Mark,Packer,Home Office,United States,New York City,New York,10035,East,TEC-PH-10001552,Technology,£71.76,1,£71.44,£71.76,£71.44,£0.32
192,CA-2016-102281,12/10/2016,2016,Dec,Qtr4,First Class,MP-17470,Mark,Packer,Home Office,United States,New York City,New York,10035,East,OFF-PA-10000061,Office Supplies,£51.84,1,£51.52,£51.84,£51.52,£0.32
193,CA-2016-102281,12/10/2016,2016,Dec,Qtr4,First Class,MP-17470,Mark,Packer,Home Office,United States,New York City,New York,10035,East,FUR-BO-10002545,Furniture,£626.35,1,£625.59,£626.35,£625.59,£0.76
194,CA-2016-102281,12/10/2016,2016,Dec,Qtr4,First Class,MP-17470,Mark,Packer,Home Office,United States,New York City,New York,10035,East,OFF-AR-10003514,Office Supplies,£19.90,1,£19.54,£19.90,£19.54,£0.36
195,CA-2016-131457,10/31/2016,2016,Oct,Qtr4,Standard Class,MZ-17515,Mary,Zewe,Corporate,United States,Redlands,California,92374,West,OFF-EN-10001509,Office Supplies,£14.28,9,£14.19,£128.52,£127.71,£0.81
196,CA-2015-140004,03/21/2015,2015,Mar,Qtr1,Standard Class,CB-12025,Cassandra,Brandow,Consumer,United States,Hamilton,Ohio,45011,East,OFF-AR-10004685,Office Supplies,£7.41,4,£6.46,£29.63,£25.84,£3.79
197,CA-2015-140004,03/21/2015,2015,Mar,Qtr1,Standard Class,CB-12025,Cassandra,Brandow,Consumer,United States,Hamilton,Ohio,45011,East,OFF-AR-10004027,Office Supplies,£6.05,4,£5.82,£24.19,£23.28,£0.91
198,CA-2018-107720,06/11/2018,2018,Jun,Qtr2,Standard Class,VM-21685,Valerie,Mitchum,Home Office,United States,Westfield,New Jersey,7090,East,OFF-ST-10001414,Office Supplies,£46.26,7,£45.71,£323.82,£319.97,£3.85
199,US-2018-124303,06/07/2018,2018,Jun,Qtr2,Standard Class,FH-14365,Fred,Hopkins,Corporate,United States,Philadelphia,Pennsylvania,19120,East,OFF-BI-10000343,Office Supplies,£2.95,1,£2.85,£2.95,£2.85,£0.10
200,US-2018-124303,06/07/2018,2018,Jun,Qtr2,Standard Class,FH-14365,Fred,Hopkins,Corporate,United States,Philadelphia,Pennsylvania,19120,East,OFF-PA-10002749,Office Supplies,£16.06,1,£15.84,£16.06,£15.84,£0.22
201,CA-2018-105074,06/24/2018,2018,Jun,Qtr2,Standard Class,MB-17305,Maria,Bertelson,Consumer,United States,Akron,Ohio,44312,East,OFF-PA-10002666,Office Supplies,£21.74,4,£21.73,£86.98,£86.92,£0.06
202,CA-2015-133690,03/08/2015,2015,Mar,Qtr1,First Class,BS-11755,Bruce,Stewart,Consumer,United States,Denver,Colorado,80219,West,FUR-TA-10004289,Furniture,£218.75,8,£218.11,"£1,750.00","£1,744.88",£5.12
203,CA-2015-133690,03/08/2015,2015,Mar,Qtr1,First Class,BS-11755,Bruce,Stewart,Consumer,United States,Denver,Colorado,80219,West,OFF-AP-10003622,Office Supplies,£2.60,8,£2.52,£20.80,£20.16,£0.64
204,US-2018-116701,12/17/2018,2018,Dec,Qtr4,Second Class,LC-17140,Logan,Currie,Consumer,United States,Dallas,Texas,75220,Central,OFF-AP-10003217,Office Supplies,£66.28,7,£65.82,£463.99,£460.74,£3.25
205,CA-2018-126382,03/06/2018,2018,Mar,Qtr1,Standard Class,HK-14890,Heather,Kirkland,Corporate,United States,Franklin,Tennessee,37064,South,FUR-FU-10002960,Furniture,£35.17,3,£34.20,£105.50,£102.60,£2.90
206,CA-2018-108329,09/12/2018,2018,Sep,Qtr3,Standard Class,LE-16810,Laurel,Elliston,Consumer,United States,Whittier,California,90604,West,TEC-PH-10001918,Technology,£444.77,9,£444.02,"£4,002.91","£3,996.18",£6.73
207,CA-2018-135860,01/12/2018,2018,Jan,Qtr1,Standard Class,JH-15985,Joseph,Holt,Consumer,United States,Saginaw,Michigan,48601,Central,OFF-ST-10000642,Office Supplies,£83.92,4,£83.79,£335.68,£335.16,£0.52
208,CA-2018-135860,01/12/2018,2018,Jan,Qtr1,Standard Class,JH-15985,Joseph,Holt,Consumer,United States,Saginaw,Michigan,48601,Central,TEC-PH-10001700,Technology,£131.98,4,£131.38,£527.92,£525.52,£2.40
209,CA-2018-135860,01/12/2018,2018,Jan,Qtr1,Standard Class,JH-15985,Joseph,Holt,Consumer,United States,Saginaw,Michigan,48601,Central,OFF-BI-10003274,Office Supplies,£15.92,4,£15.35,£63.68,£61.40,£2.28
210,CA-2018-135860,01/12/2018,2018,Jan,Qtr1,Standard Class,JH-15985,Joseph,Holt,Consumer,United States,Saginaw,Michigan,48601,Central,OFF-FA-10000134,Office Supplies,£52.29,4,£51.64,£209.16,£206.56,£2.60
211,CA-2018-135860,01/12/2018,2018,Jan,Qtr1,Standard Class,JH-15985,Joseph,Holt,Consumer,United States,Saginaw,Michigan,48601,Central,OFF-ST-10001522,Office Supplies,£91.99,4,£91.90,£367.96,£367.60,£0.36
212,CA-2016-101007,09/02/2016,2016,Sep,Qtr3,Second Class,MS-17980,Michael,Stewart,Corporate,United States,Dallas,Texas,75220,Central,TEC-AC-10001266,Technology,£20.80,7,£20.41,£145.60,£142.87,£2.73
213,CA-2016-146262,02/01/2016,2016,Feb,Qtr1,Standard Class,VW-21775,Victoria,Wilson,Corporate,United States,Medina,Ohio,44256,East,OFF-LA-10004544,Office Supplies,£23.68,4,£22.79,£94.72,£91.16,£3.56
214,CA-2016-146262,02/01/2016,2016,Feb,Qtr1,Standard Class,VW-21775,Victoria,Wilson,Corporate,United States,Medina,Ohio,44256,East,FUR-BO-10004695,Furniture,£452.45,4,£451.96,"£1,809.80","£1,807.84",£1.96
215,CA-2016-146262,02/01/2016,2016,Feb,Qtr1,Standard Class,VW-21775,Victoria,Wilson,Corporate,United States,Medina,Ohio,44256,East,TEC-PH-10002844,Technology,£62.98,4,£62.62,£251.93,£250.48,£1.45
216,CA-2016-146262,02/01/2016,2016,Feb,Qtr1,Standard Class,VW-21775,Victoria,Wilson,Corporate,United States,Medina,Ohio,44256,East,TEC-MA-10000864,Technology,"£1,188.00",4,"£1,187.52","£4,752.00","£4,750.08",£1.92
217,CA-2016-146262,02/01/2016,2016,Feb,Qtr1,Standard Class,VW-21775,Victoria,Wilson,Corporate,United States,Medina,Ohio,44256,East,TEC-AC-10000109,Technology,£89.58,4,£88.71,£358.34,£354.84,£3.50
218,CA-2017-130162,10/28/2017,2017,Oct,Qtr4,Standard Class,JH-15910,Jonathan,Howell,Consumer,United States,Los Angeles,California,90032,West,OFF-ST-10001328,Office Supplies,£93.06,9,£92.37,£837.54,£831.33,£6.21
219,CA-2017-130162,10/28/2017,2017,Oct,Qtr4,Standard Class,JH-15910,Jonathan,Howell,Consumer,United States,Los Angeles,California,90032,West,TEC-PH-10002563,Technology,£302.38,9,£301.89,"£2,721.38","£2,717.01",£4.37
220,CA-2016-169397,12/24/2016,2016,Dec,Qtr4,First Class,JB-15925,Joni,Blumstein,Consumer,United States,Dublin,Ohio,43017,East,OFF-FA-10000585,Office Supplies,£5.58,4,£5.29,£22.34,£21.16,£1.18
221,CA-2016-169397,12/24/2016,2016,Dec,Qtr4,First Class,JB-15925,Joni,Blumstein,Consumer,United States,Dublin,Ohio,43017,East,OFF-PA-10004000,Office Supplies,£22.70,4,£22.21,£90.82,£88.84,£1.98
222,CA-2016-169397,12/24/2016,2016,Dec,Qtr4,First Class,JB-15925,Joni,Blumstein,Consumer,United States,Dublin,Ohio,43017,East,OFF-BI-10002852,Office Supplies,£19.78,4,£18.84,£79.10,£75.36,£3.74
223,CA-2016-169397,12/24/2016,2016,Dec,Qtr4,First Class,JB-15925,Joni,Blumstein,Consumer,United States,Dublin,Ohio,43017,East,FUR-FU-10000087,Furniture,£72.70,4,£72.19,£290.82,£288.76,£2.06
224,CA-2016-169397,12/24/2016,2016,Dec,Qtr4,First Class,JB-15925,Joni,Blumstein,Consumer,United States,Dublin,Ohio,43017,East,TEC-MA-10001148,Technology,£479.99,4,£479.35,"£1,919.95","£1,917.40",£2.55
225,CA-2016-169397,12/24/2016,2016,Dec,Qtr4,First Class,JB-15925,Joni,Blumstein,Consumer,United States,Dublin,Ohio,43017,East,OFF-AR-10001958,Office Supplies,£27.17,4,£26.83,£108.67,£107.32,£1.35
226,CA-2016-163055,09/08/2016,2016,Sep,Qtr3,Standard Class,DS-13180,David,Smith,Corporate,United States,Detroit,Michigan,48227,Central,OFF-AR-10001026,Office Supplies,£2.20,4,£2.12,£8.80,£8.48,£0.32
227,CA-2016-163055,09/08/2016,2016,Sep,Qtr3,Standard Class,DS-13180,David,Smith,Corporate,United States,Detroit,Michigan,48227,Central,FUR-TA-10003748,Furniture,£622.45,4,£622.09,"£2,489.80","£2,488.36",£1.44
228,CA-2016-163055,09/08/2016,2016,Sep,Qtr3,Standard Class,DS-13180,David,Smith,Corporate,United States,Detroit,Michigan,48227,Central,OFF-ST-10002485,Office Supplies,£21.98,4,£21.78,£87.92,£87.12,£0.80
229,US-2016-145436,02/28/2016,2016,Feb,Qtr1,Standard Class,VD-21670,Valerie,Dominguez,Consumer,United States,Columbia,Tennessee,38401,South,FUR-CH-10004860,Furniture,£161.57,3,£161.03,£484.70,£483.09,£1.61
230,US-2016-145436,02/28/2016,2016,Feb,Qtr1,Standard Class,VD-21670,Valerie,Dominguez,Consumer,United States,Columbia,Tennessee,38401,South,FUR-CH-10004477,Furniture,£389.70,3,£389.21,"£1,169.09","£1,167.63",£1.46
231,US-2015-156216,09/13/2015,2015,Sep,Qtr3,Standard Class,EA-14035,Erin,Ashbrook,Corporate,United States,Charlotte,North Carolina,28205,South,OFF-BI-10001679,Office Supplies,£18.65,2,£18.45,£37.30,£36.90,£0.40
232,US-2018-100930,07/04/2018,2018,Jul,Qtr3,Standard Class,CS-12400,Christopher,Schild,Home Office,United States,Tampa,Florida,33614,South,FUR-TA-10001705,Furniture,£233.86,3,£233.41,£701.58,£700.23,£1.35
233,US-2018-100930,07/04/2018,2018,Jul,Qtr3,Standard Class,CS-12400,Christopher,Schild,Home Office,United States,Tampa,Florida,33614,South,FUR-TA-10003473,Furniture,£620.61,3,£620.39,"£1,861.84","£1,861.17",£0.67
234,US-2018-100930,07/04/2018,2018,Jul,Qtr3,Standard Class,CS-12400,Christopher,Schild,Home Office,United States,Tampa,Florida,33614,South,OFF-BI-10001679,Office Supplies,£5.33,3,£4.57,£15.98,£13.71,£2.27
235,US-2018-100930,07/04/2018,2018,Jul,Qtr3,Standard Class,CS-12400,Christopher,Schild,Home Office,United States,Tampa,Florida,33614,South,FUR-FU-10004017,Furniture,£258.07,3,£258.03,£774.22,£774.09,£0.13
236,US-2018-100930,07/04/2018,2018,Jul,Qtr3,Standard Class,CS-12400,Christopher,Schild,Home Office,United States,Tampa,Florida,33614,South,TEC-AC-10003832,Technology,£617.98,3,£617.00,"£1,853.93","£1,851.00",£2.93
237,CA-2018-160514,12/11/2018,2018,Dec,Qtr4,Standard Class,DB-13120,David,Bremer,Corporate,United States,Santa Clara,California,95051,West,OFF-PA-10002479,Office Supplies,£10.56,9,£9.71,£95.04,£87.39,£7.65
238,CA-2017-157749,04/06/2017,2017,Apr,Qtr2,Second Class,KL-16645,Ken,Lonsdale,Consumer,United States,Chicago,Illinois,60610,Central,OFF-PA-10003349,Office Supplies,£25.92,6,£25.59,£155.52,£153.54,£1.98
239,CA-2017-157749,04/06/2017,2017,Apr,Qtr2,Second Class,KL-16645,Ken,Lonsdale,Consumer,United States,Chicago,Illinois,60610,Central,FUR-FU-10000576,Furniture,£419.68,6,£418.98,"£2,518.08","£2,513.88",£4.20
240,CA-2017-157749,04/06/2017,2017,Apr,Qtr2,Second Class,KL-16645,Ken,Lonsdale,Consumer,United States,Chicago,Illinois,60610,Central,FUR-FU-10004351,Furniture,£11.69,6,£10.99,£70.13,£65.94,£4.19
241,CA-2017-157749,04/06/2017,2017,Apr,Qtr2,Second Class,KL-16645,Ken,Lonsdale,Consumer,United States,Chicago,Illinois,60610,Central,TEC-PH-10000011,Technology,£31.98,6,£31.54,£191.90,£189.24,£2.66
242,CA-2017-157749,04/06/2017,2017,Apr,Qtr2,Second Class,KL-16645,Ken,Lonsdale,Consumer,United States,Chicago,Illinois,60610,Central,FUR-TA-10002607,Furniture,£177.23,6,£177.17,"£1,063.35","£1,063.02",£0.33
243,CA-2017-157749,04/06/2017,2017,Apr,Qtr2,Second Class,KL-16645,Ken,Lonsdale,Consumer,United States,Chicago,Illinois,60610,Central,FUR-FU-10002505,Furniture,£4.04,6,£3.17,£24.26,£19.02,£5.24
244,CA-2017-157749,04/06/2017,2017,Apr,Qtr2,Second Class,KL-16645,Ken,Lonsdale,Consumer,United States,Chicago,Illinois,60610,Central,OFF-AR-10004685,Office Supplies,£7.41,6,£6.77,£44.45,£40.62,£3.83
245,CA-2015-131926,01/06/2015,2015,Jan,Qtr1,Second Class,DW-13480,Dianna,Wilson,Home Office,United States,Lakeville,Minnesota,55044,Central,FUR-CH-10004063,Furniture,"£2,001.86",5,"£2,001.35","£10,009.30","£10,006.75",£2.55
246,CA-2015-131926,01/06/2015,2015,Jan,Qtr1,Second Class,DW-13480,Dianna,Wilson,Home Office,United States,Lakeville,Minnesota,55044,Central,OFF-ST-10002276,Office Supplies,£166.72,5,£166.12,£833.60,£830.60,£3.00
247,CA-2015-131926,01/06/2015,2015,Jan,Qtr1,Second Class,DW-13480,Dianna,Wilson,Home Office,United States,Lakeville,Minnesota,55044,Central,OFF-PA-10004082,Office Supplies,£47.88,5,£47.37,£239.40,£236.85,£2.55
248,CA-2015-131926,01/06/2015,2015,Jan,Qtr1,Second Class,DW-13480,Dianna,Wilson,Home Office,United States,Lakeville,Minnesota,55044,Central,OFF-AP-10002945,Office Supplies,"£1,503.25",5,"£1,502.81","£7,516.25","£7,514.05",£2.20
249,CA-2015-131926,01/06/2015,2015,Jan,Qtr1,Second Class,DW-13480,Dianna,Wilson,Home Office,United States,Lakeville,Minnesota,55044,Central,OFF-PA-10000061,Office Supplies,£25.92,5,£25.76,£129.60,£128.80,£0.80
250,CA-2017-154739,10/12/2017,2017,Oct,Qtr4,Second Class,LH-17155,Logan,Haushalter,Consumer,United States,San Francisco,California,94109,West,FUR-CH-10002965,Furniture,£321.57,9,£320.85,"£2,894.11","£2,887.65",£6.46
251,CA-2017-145625,11/09/2017,2017,Nov,Qtr4,Standard Class,KC-16540,Kelly,Collister,Consumer,United States,San Diego,California,92037,West,OFF-PA-10004569,Office Supplies,£7.61,9,£7.30,£68.49,£65.70,£2.79
252,CA-2017-145625,11/09/2017,2017,Nov,Qtr4,Standard Class,KC-16540,Kelly,Collister,Consumer,United States,San Diego,California,92037,West,TEC-AC-10003832,Technology,"£3,347.37",9,"£3,347.33","£30,126.33","£30,125.97",£0.36
253,CA-2017-146941,10/12/2017,2017,Oct,Qtr4,First Class,DL-13315,Delfina,Latchford,Consumer,United States,New York City,New York,10024,East,OFF-ST-10001228,Office Supplies,£80.58,1,£79.76,£80.58,£79.76,£0.82
254,CA-2017-146941,10/12/2017,2017,Oct,Qtr4,First Class,DL-13315,Delfina,Latchford,Consumer,United States,New York City,New York,10024,East,OFF-EN-10003296,Office Supplies,£361.92,1,£361.13,£361.92,£361.13,£0.79
255,US-2016-159982,11/28/2016,2016,Nov,Qtr4,Standard Class,DR-12880,Dan,Reichenbach,Corporate,United States,Chicago,Illinois,60623,Central,FUR-FU-10002505,Furniture,£12.13,6,£11.56,£72.79,£69.36,£3.43
256,US-2016-159982,11/28/2016,2016,Nov,Qtr4,Standard Class,DR-12880,Dan,Reichenbach,Corporate,United States,Chicago,Illinois,60623,Central,OFF-ST-10004804,Office Supplies,£82.37,6,£81.40,£494.21,£488.40,£5.81
257,US-2016-159982,11/28/2016,2016,Nov,Qtr4,Standard Class,DR-12880,Dan,Reichenbach,Corporate,United States,Chicago,Illinois,60623,Central,OFF-ST-10001590,Office Supplies,£53.92,6,£53.56,£323.52,£321.36,£2.16
258,US-2016-159982,11/28/2016,2016,Nov,Qtr4,Standard Class,DR-12880,Dan,Reichenbach,Corporate,United States,Chicago,Illinois,60623,Central,TEC-PH-10001580,Technology,£647.90,6,£647.48,"£3,887.42","£3,884.88",£2.54
259,CA-2018-163139,01/12/2018,2018,Jan,Qtr1,Second Class,CC-12670,Craig,Carreira,Consumer,United States,New York City,New York,10009,East,TEC-AC-10000290,Technology,£20.37,1,£20.03,£20.37,£20.03,£0.34
260,CA-2018-163139,01/12/2018,2018,Jan,Qtr1,Second Class,CC-12670,Craig,Carreira,Consumer,United States,New York City,New York,10009,East,OFF-ST-10002790,Office Supplies,£221.55,1,£220.87,£221.55,£220.87,£0.68
261,CA-2018-163139,01/12/2018,2018,Jan,Qtr1,Second Class,CC-12670,Craig,Carreira,Consumer,United States,New York City,New York,10009,East,OFF-BI-10003460,Office Supplies,£17.52,1,£16.70,£17.52,£16.70,£0.82
262,US-2018-155299,08/06/2018,2018,Aug,Qtr3,Standard Class,Dl-13600,Dorris,liebe,Corporate,United States,Pasadena,Texas,77506,Central,OFF-AP-10002203,Office Supplies,£1.62,7,£0.85,£11.37,£5.95,£5.42
263,US-2015-106992,09/19/2015,2015,Sep,Qtr3,Second Class,SB-20290,Sean,Braxton,Corporate,United States,Houston,Texas,77036,Central,TEC-MA-10000822,Technology,"£3,059.98",7,"£3,059.67","£21,419.87","£21,417.69",£2.18
264,US-2015-106992,09/19/2015,2015,Sep,Qtr3,Second Class,SB-20290,Sean,Braxton,Corporate,United States,Houston,Texas,77036,Central,TEC-MA-10003353,Technology,"£2,519.96",7,"£2,519.78","£17,639.71","£17,638.46",£1.25
265,CA-2017-125318,06/06/2017,2017,Jun,Qtr2,Standard Class,RC-19825,Roy,Collins,Consumer,United States,Chicago,Illinois,60610,Central,TEC-PH-10001433,Technology,£328.22,6,£328.16,"£1,969.34","£1,968.96",£0.38
266,CA-2016-155040,10/11/2016,2016,Oct,Qtr4,Standard Class,AH-10210,Alan,Hwang,Consumer,United States,Brentwood,California,94513,West,TEC-AC-10004469,Technology,£79.90,9,£79.20,£719.10,£712.80,£6.30
267,CA-2018-136826,06/16/2018,2018,Jun,Qtr2,Standard Class,CB-12535,Claudia,Bergmann,Corporate,United States,Chapel Hill,North Carolina,27514,South,OFF-AR-10003602,Office Supplies,£14.02,2,£13.92,£28.03,£27.84,£0.19
268,CA-2017-111010,01/22/2017,2017,Jan,Qtr1,Standard Class,PG-18895,Paul,Gonzalez,Consumer,United States,Morristown,New Jersey,7960,East,OFF-FA-10003472,Office Supplies,£7.56,7,£6.82,£52.92,£47.74,£5.18
269,US-2018-145366,09/12/2018,2018,Sep,Qtr3,Standard Class,CA-12310,Christine,Abelman,Corporate,United States,Cincinnati,Ohio,45231,East,OFF-ST-10004180,Office Supplies,£37.21,4,£36.95,£148.83,£147.80,£1.03
270,US-2018-145366,09/12/2018,2018,Sep,Qtr3,Standard Class,CA-12310,Christine,Abelman,Corporate,United States,Cincinnati,Ohio,45231,East,OFF-EN-10004386,Office Supplies,£57.58,4,£56.83,£230.30,£227.32,£2.98
271,CA-2018-163979,12/28/2018,2018,Dec,Qtr4,Second Class,KH-16690,Kristen,Hastings,Corporate,United States,San Francisco,California,94110,West,OFF-ST-10003208,Office Supplies,£725.84,9,£725.11,"£6,532.56","£6,525.99",£6.57
272,CA-2016-155334,07/30/2016,2016,Jul,Qtr3,First Class,HA-14920,Helen,Andreada,Consumer,United States,San Francisco,California,94109,West,TEC-AC-10003628,Technology,£209.93,9,£209.15,"£1,889.37","£1,882.35",£7.02
273,CA-2016-155334,07/30/2016,2016,Jul,Qtr3,First Class,HA-14920,Helen,Andreada,Consumer,United States,San Francisco,California,94109,West,FUR-FU-10003274,Furniture,£5.28,9,£4.86,£47.52,£43.74,£3.78
274,CA-2016-155334,07/30/2016,2016,Jul,Qtr3,First Class,HA-14920,Helen,Andreada,Consumer,United States,San Francisco,California,94109,West,OFF-BI-10002557,Office Supplies,£10.92,9,£10.30,£98.28,£92.70,£5.58
275,CA-2018-118136,09/16/2018,2018,Sep,Qtr3,First Class,BB-10990,Barry,Blumstein,Corporate,United States,Inglewood,California,90301,West,OFF-PA-10002615,Office Supplies,£8.82,9,£8.48,£79.38,£76.32,£3.06
276,CA-2018-118136,09/16/2018,2018,Sep,Qtr3,First Class,BB-10990,Barry,Blumstein,Corporate,United States,Inglewood,California,90301,West,OFF-AR-10001427,Office Supplies,£5.98,9,£5.94,£53.82,£53.46,£0.36
277,CA-2018-132976,10/13/2018,2018,Oct,Qtr4,Standard Class,AG-10495,Andrew,Gjertsen,Corporate,United States,Philadelphia,Pennsylvania,19140,East,OFF-PA-10000673,Office Supplies,£11.65,1,£11.42,£11.65,£11.42,£0.23
278,CA-2018-132976,10/13/2018,2018,Oct,Qtr4,Standard Class,AG-10495,Andrew,Gjertsen,Corporate,United States,Philadelphia,Pennsylvania,19140,East,OFF-PA-10004470,Office Supplies,£18.18,1,£18.17,£18.18,£18.17,£0.01
279,CA-2018-132976,10/13/2018,2018,Oct,Qtr4,Standard Class,AG-10495,Andrew,Gjertsen,Corporate,United States,Philadelphia,Pennsylvania,19140,East,OFF-ST-10000876,Office Supplies,£59.71,1,£59.13,£59.71,£59.13,£0.58
280,CA-2018-132976,10/13/2018,2018,Oct,Qtr4,Standard Class,AG-10495,Andrew,Gjertsen,Corporate,United States,Philadelphia,Pennsylvania,19140,East,OFF-LA-10002043,Office Supplies,£24.84,1,£24.29,£24.84,£24.29,£0.55
281,US-2016-161991,09/26/2016,2016,Sep,Qtr3,Second Class,SC-20725,Steven,Cartwright,Consumer,United States,Houston,Texas,77070,Central,OFF-BI-10004967,Office Supplies,£2.08,7,£1.98,£14.56,£13.86,£0.70
282,US-2016-161991,09/26/2016,2016,Sep,Qtr3,Second Class,SC-20725,Steven,Cartwright,Consumer,United States,Houston,Texas,77070,Central,TEC-PH-10001760,Technology,"£1,114.40",7,"£1,113.53","£7,800.80","£7,794.71",£6.09
283,CA-2016-130890,02/11/2016,2016,Feb,Qtr1,Standard Class,JO-15280,Jas,O'Carroll,Consumer,United States,Los Angeles,California,90004,West,FUR-TA-10002903,Furniture,"£1,038.84",9,"£1,038.10","£9,349.56","£9,342.90",£6.66
284,CA-2016-130883,09/26/2016,2016,Sep,Qtr3,Standard Class,TB-21520,Tracy,Blumstein,Consumer,United States,Portland,Oregon,97206,West,OFF-PA-10000474,Office Supplies,£141.76,9,£141.39,"£1,275.84","£1,272.51",£3.33
285,CA-2016-130883,09/26/2016,2016,Sep,Qtr3,Standard Class,TB-21520,Tracy,Blumstein,Consumer,United States,Portland,Oregon,97206,West,TEC-AC-10001956,Technology,£239.80,9,£239.30,"£2,158.20","£2,153.70",£4.50
286,CA-2016-130883,09/26/2016,2016,Sep,Qtr3,Standard Class,TB-21520,Tracy,Blumstein,Consumer,United States,Portland,Oregon,97206,West,OFF-PA-10004100,Office Supplies,£31.10,9,£30.40,£279.94,£273.60,£6.34
287,CA-2017-112697,12/18/2017,2017,Dec,Qtr4,Second Class,AH-10195,Alan,Haines,Corporate,United States,Tamarac,Florida,33319,South,OFF-BI-10000778,Office Supplies,£254.06,3,£253.74,£762.17,£761.22,£0.95
288,CA-2017-112697,12/18/2017,2017,Dec,Qtr4,Second Class,AH-10195,Alan,Haines,Corporate,United States,Tamarac,Florida,33319,South,OFF-AP-10002684,Office Supplies,£194.53,3,£193.93,£583.58,£581.79,£1.79
289,CA-2017-112697,12/18/2017,2017,Dec,Qtr4,Second Class,AH-10195,Alan,Haines,Corporate,United States,Tamarac,Florida,33319,South,OFF-SU-10000646,Office Supplies,£961.48,3,£961.30,"£2,884.44","£2,883.90",£0.54
290,CA-2017-110772,11/20/2017,2017,Nov,Qtr4,Second Class,NZ-18565,Nick,Zandusky,Home Office,United States,Columbus,Ohio,43229,East,OFF-FA-10002983,Office Supplies,£19.10,4,£18.34,£76.38,£73.36,£3.02
291,CA-2017-110772,11/20/2017,2017,Nov,Qtr4,Second Class,NZ-18565,Nick,Zandusky,Home Office,United States,Columbus,Ohio,43229,East,OFF-LA-10004689,Office Supplies,£18.50,4,£18.02,£73.98,£72.08,£1.90
292,CA-2017-110772,11/20/2017,2017,Nov,Qtr4,Second Class,NZ-18565,Nick,Zandusky,Home Office,United States,Columbus,Ohio,43229,East,TEC-AC-10002001,Technology,£255.98,4,£255.27,"£1,023.94","£1,021.08",£2.86
293,CA-2017-110772,11/20/2017,2017,Nov,Qtr4,Second Class,NZ-18565,Nick,Zandusky,Home Office,United States,Columbus,Ohio,43229,East,FUR-BO-10004709,Furniture,£86.97,4,£86.48,£347.88,£345.92,£1.96
294,CA-2015-111451,12/26/2015,2015,Dec,Qtr4,First Class,KL-16555,Kelly,Lampkin,Corporate,United States,Colorado Springs,Colorado,80906,West,FUR-FU-10004091,Furniture,£300.42,8,£299.42,"£2,403.33","£2,395.36",£7.97
295,CA-2015-111451,12/26/2015,2015,Dec,Qtr4,First Class,KL-16555,Kelly,Lampkin,Corporate,United States,Colorado Springs,Colorado,80906,West,FUR-CH-10001891,Furniture,£230.35,8,£229.78,"£1,842.82","£1,838.24",£4.58
296,CA-2015-111451,12/26/2015,2015,Dec,Qtr4,First Class,KL-16555,Kelly,Lampkin,Corporate,United States,Colorado Springs,Colorado,80906,West,FUR-FU-10002918,Furniture,£218.35,8,£218.02,"£1,746.82","£1,744.16",£2.66
297,CA-2015-111451,12/26/2015,2015,Dec,Qtr4,First Class,KL-16555,Kelly,Lampkin,Corporate,United States,Colorado Springs,Colorado,80906,West,OFF-BI-10004593,Office Supplies,£78.60,8,£78.29,£628.80,£626.32,£2.48
298,CA-2015-111451,12/26/2015,2015,Dec,Qtr4,First Class,KL-16555,Kelly,Lampkin,Corporate,United States,Colorado Springs,Colorado,80906,West,OFF-FA-10004854,Office Supplies,£27.55,8,£27.54,£220.42,£220.32,£0.10
299,CA-2017-142545,10/28/2017,2017,Oct,Qtr4,Standard Class,JD-15895,Jonathan,Doherty,Corporate,United States,Belleville,New Jersey,7109,East,OFF-PA-10002105,Office Supplies,£32.40,7,£32.06,£226.80,£224.42,£2.38
300,CA-2017-142545,10/28/2017,2017,Oct,Qtr4,Standard Class,JD-15895,Jonathan,Doherty,Corporate,United States,Belleville,New Jersey,7109,East,OFF-ST-10002756,Office Supplies,"£1,082.48",7,"£1,081.82","£7,577.36","£7,572.74",£4.62
301,CA-2017-142545,10/28/2017,2017,Oct,Qtr4,Standard Class,JD-15895,Jonathan,Doherty,Corporate,United States,Belleville,New Jersey,7109,East,OFF-PA-10004243,Office Supplies,£56.91,7,£56.78,£398.37,£397.46,£0.91
302,CA-2017-142545,10/28/2017,2017,Oct,Qtr4,Standard Class,JD-15895,Jonathan,Doherty,Corporate,United States,Belleville,New Jersey,7109,East,FUR-FU-10001861,Furniture,£77.60,7,£76.91,£543.20,£538.37,£4.83
303,CA-2017-142545,10/28/2017,2017,Oct,Qtr4,Standard Class,JD-15895,Jonathan,Doherty,Corporate,United States,Belleville,New Jersey,7109,East,OFF-BI-10002706,Office Supplies,£14.28,7,£14.16,£99.96,£99.12,£0.84
304,US-2018-152380,11/19/2018,2018,Nov,Qtr4,Standard Class,JH-15910,Jonathan,Howell,Consumer,United States,Chicago,Illinois,60623,Central,FUR-TA-10002533,Furniture,£219.08,6,£218.60,"£1,314.45","£1,311.60",£2.85
305,CA-2016-144253,04/05/2016,2016,Apr,Qtr2,Second Class,AS-10225,Alan,Schoenberger,Corporate,United States,New York City,New York,10024,East,FUR-FU-10002671,Furniture,£26.80,1,£25.99,£26.80,£25.99,£0.81
306,CA-2015-130960,12/30/2015,2015,Dec,Qtr4,Standard Class,KB-16600,Ken,Brennan,Corporate,United States,Taylor,Michigan,48180,Central,OFF-AR-10003651,Office Supplies,£9.84,4,£9.41,£39.36,£37.64,£1.72
307,CA-2015-111003,01/06/2015,2015,Jan,Qtr1,Standard Class,CR-12625,Corey,Roper,Home Office,United States,Lakewood,New Jersey,8701,East,OFF-BI-10001072,Office Supplies,£45.48,8,£45.44,£363.84,£363.52,£0.32
308,CA-2015-111003,01/06/2015,2015,Jan,Qtr1,Standard Class,CR-12625,Corey,Roper,Home Office,United States,Lakewood,New Jersey,8701,East,OFF-AR-10002135,Office Supplies,£289.20,8,£288.87,"£2,313.60","£2,310.96",£2.64
309,CA-2018-126774,04/15/2018,2018,Apr,Qtr2,First Class,SH-20395,Shahid,Hopkins,Consumer,United States,Arlington,Virginia,22204,South,OFF-AR-10002804,Office Supplies,£4.89,2,£4.36,£9.78,£8.72,£1.06
310,CA-2017-142902,12/09/2017,2017,Dec,Qtr4,Second Class,BP-11185,Ben,Peterman,Corporate,United States,Arvada,Colorado,80004,West,FUR-FU-10001918,Furniture,£15.14,8,£14.89,£121.09,£119.12,£1.97
311,CA-2017-142902,12/09/2017,2017,Dec,Qtr4,Second Class,BP-11185,Ben,Peterman,Corporate,United States,Arvada,Colorado,80004,West,FUR-CH-10004086,Furniture,£466.77,8,£465.90,"£3,734.14","£3,727.20",£6.94
312,CA-2017-142902,12/09/2017,2017,Dec,Qtr4,Second Class,BP-11185,Ben,Peterman,Corporate,United States,Arvada,Colorado,80004,West,FUR-FU-10001756,Furniture,£15.23,8,£14.76,£121.86,£118.08,£3.78
313,CA-2017-142902,12/09/2017,2017,Dec,Qtr4,Second Class,BP-11185,Ben,Peterman,Corporate,United States,Arvada,Colorado,80004,West,OFF-LA-10000634,Office Supplies,£6.26,8,£5.52,£50.11,£44.16,£5.95
314,CA-2015-120887,09/27/2015,2015,Sep,Qtr3,Standard Class,TS-21205,Thomas,Seio,Corporate,United States,Hackensack,New Jersey,7601,East,FUR-FU-10001588,Furniture,£87.54,7,£87.11,£612.78,£609.77,£3.01
315,CA-2015-167850,09/08/2015,2015,Sep,Qtr3,Standard Class,AG-10525,Andy,Gerbode,Corporate,United States,Saint Petersburg,Florida,33710,South,TEC-PH-10002398,Technology,£178.38,3,£178.32,£535.15,£534.96,£0.19
316,CA-2015-167850,09/08/2015,2015,Sep,Qtr3,Standard Class,AG-10525,Andy,Gerbode,Corporate,United States,Saint Petersburg,Florida,33710,South,OFF-PA-10001937,Office Supplies,£15.55,3,£15.28,£46.66,£45.84,£0.82
317,CA-2015-164259,12/28/2015,2015,Dec,Qtr4,First Class,SP-20860,Sung,Pak,Corporate,United States,Philadelphia,Pennsylvania,19143,East,OFF-AR-10003373,Office Supplies,£99.14,1,£99.02,£99.14,£99.02,£0.12
318,CA-2015-164973,04/11/2015,2015,Apr,Qtr2,Standard Class,NM-18445,Nathan,Mautz,Home Office,United States,New York City,New York,10024,East,FUR-CH-10002602,Furniture,£135.88,1,£135.21,£135.88,£135.21,£0.67
319,CA-2015-164973,04/11/2015,2015,Apr,Qtr2,Standard Class,NM-18445,Nathan,Mautz,Home Office,United States,New York City,New York,10024,East,TEC-MA-10002927,Technology,"£3,991.98",1,"£3,991.36","£3,991.98","£3,991.36",£0.62
320,CA-2015-164973,04/11/2015,2015,Apr,Qtr2,Standard Class,NM-18445,Nathan,Mautz,Home Office,United States,New York City,New York,10024,East,TEC-PH-10004093,Technology,£275.94,1,£275.36,£275.94,£275.36,£0.58
321,CA-2015-164973,04/11/2015,2015,Apr,Qtr2,Standard Class,NM-18445,Nathan,Mautz,Home Office,United States,New York City,New York,10024,East,TEC-AC-10000892,Technology,£360.00,1,£359.42,£360.00,£359.42,£0.58
322,CA-2015-164973,04/11/2015,2015,Apr,Qtr2,Standard Class,NM-18445,Nathan,Mautz,Home Office,United States,New York City,New York,10024,East,OFF-ST-10002974,Office Supplies,£43.57,1,£43.40,£43.57,£43.40,£0.17
323,CA-2015-156601,09/19/2015,2015,Sep,Qtr3,Standard Class,FA-14230,Frank,Atkinson,Corporate,United States,Long Beach,California,90805,West,OFF-FA-10000624,Office Supplies,£7.16,9,£6.57,£64.44,£59.13,£5.31
324,CA-2017-162138,04/23/2017,2017,Apr,Qtr2,Standard Class,GK-14620,Grace,Kelly,Corporate,United States,Hesperia,California,92345,West,OFF-BI-10004593,Office Supplies,£251.52,9,£250.57,"£2,263.68","£2,255.13",£8.55
325,CA-2017-162138,04/23/2017,2017,Apr,Qtr2,Standard Class,GK-14620,Grace,Kelly,Corporate,United States,Hesperia,California,92345,West,TEC-AC-10001908,Technology,£99.99,9,£99.99,£899.91,£899.91,£0.00
326,CA-2018-153339,03/11/2018,2018,Mar,Qtr1,Second Class,DJ-13510,Don,Jones,Corporate,United States,Murfreesboro,Tennessee,37130,South,FUR-FU-10001967,Furniture,£15.99,3,£15.43,£47.98,£46.29,£1.69
327,US-2017-141544,08/30/2017,2017,Aug,Qtr3,First Class,PO-18850,Patrick,O'Brill,Consumer,United States,Philadelphia,Pennsylvania,19143,East,TEC-PH-10003645,Technology,£290.90,1,£290.29,£290.90,£290.29,£0.61
328,US-2017-141544,08/30/2017,2017,Aug,Qtr3,First Class,PO-18850,Patrick,O'Brill,Consumer,United States,Philadelphia,Pennsylvania,19143,East,OFF-ST-10000675,Office Supplies,£54.22,1,£53.98,£54.22,£53.98,£0.24
329,US-2017-141544,08/30/2017,2017,Aug,Qtr3,First Class,PO-18850,Patrick,O'Brill,Consumer,United States,Philadelphia,Pennsylvania,19143,East,FUR-CH-10003312,Furniture,£786.74,1,£786.38,£786.74,£786.38,£0.36
330,US-2017-141544,08/30/2017,2017,Aug,Qtr3,First Class,PO-18850,Patrick,O'Brill,Consumer,United States,Philadelphia,Pennsylvania,19143,East,OFF-LA-10001074,Office Supplies,£100.24,1,£99.24,£100.24,£99.24,£1.00
331,US-2017-141544,08/30/2017,2017,Aug,Qtr3,First Class,PO-18850,Patrick,O'Brill,Consumer,United States,Philadelphia,Pennsylvania,19143,East,OFF-BI-10001524,Office Supplies,£37.76,1,£37.70,£37.76,£37.70,£0.06
332,US-2017-150147,04/25/2017,2017,Apr,Qtr2,Second Class,JL-15850,John,Lucas,Consumer,United States,Philadelphia,Pennsylvania,19134,East,TEC-PH-10004614,Technology,£82.80,1,£82.11,£82.80,£82.11,£0.69
333,US-2017-150147,04/25/2017,2017,Apr,Qtr2,Second Class,JL-15850,John,Lucas,Consumer,United States,Philadelphia,Pennsylvania,19134,East,OFF-BI-10001153,Office Supplies,£20.72,1,£20.19,£20.72,£20.19,£0.53
334,US-2017-150147,04/25/2017,2017,Apr,Qtr2,Second Class,JL-15850,John,Lucas,Consumer,United States,Philadelphia,Pennsylvania,19134,East,OFF-BI-10001982,Office Supplies,£4.90,1,£4.80,£4.90,£4.80,£0.10
335,CA-2016-137946,01/09/2016,2016,Jan,Qtr1,Second Class,DB-13615,Doug,Bickford,Consumer,United States,Los Angeles,California,90045,West,OFF-BI-10001922,Office Supplies,£4.75,9,£4.63,£42.77,£41.67,£1.10
336,CA-2016-137946,01/09/2016,2016,Jan,Qtr1,Second Class,DB-13615,Doug,Bickford,Consumer,United States,Los Angeles,California,90045,West,TEC-CO-10001449,Technology,£959.98,9,£959.68,"£8,639.86","£8,637.12",£2.74
337,CA-2016-137946,01/09/2016,2016,Jan,Qtr1,Second Class,DB-13615,Doug,Bickford,Consumer,United States,Los Angeles,California,90045,West,OFF-BI-10004140,Office Supplies,£14.37,9,£13.73,£129.31,£123.57,£5.74
338,CA-2015-129924,12/07/2015,2015,Dec,Qtr4,Standard Class,AC-10420,Alyssa,Crouse,Corporate,United States,San Francisco,California,94122,West,OFF-BI-10003314,Office Supplies,£7.71,9,£7.19,£69.41,£64.71,£4.70
339,CA-2015-129924,12/07/2015,2015,Dec,Qtr4,Standard Class,AC-10420,Alyssa,Crouse,Corporate,United States,San Francisco,California,94122,West,FUR-TA-10004575,Furniture,£698.35,9,£698.24,"£6,285.17","£6,284.16",£1.01
340,CA-2016-128167,06/22/2016,2016,Jun,Qtr2,Second Class,KL-16645,Ken,Lonsdale,Consumer,United States,Layton,Utah,84041,West,OFF-FA-10000490,Office Supplies,£4.96,8,£4.45,£39.68,£35.60,£4.08
341,CA-2015-122336,04/13/2015,2015,Apr,Qtr2,Second Class,JD-15895,Jonathan,Doherty,Corporate,United States,Philadelphia,Pennsylvania,19140,East,OFF-AR-10000122,Office Supplies,£17.86,1,£17.12,£17.86,£17.12,£0.74
342,CA-2015-122336,04/13/2015,2015,Apr,Qtr2,Second Class,JD-15895,Jonathan,Doherty,Corporate,United States,Philadelphia,Pennsylvania,19140,East,OFF-BI-10003656,Office Supplies,£509.97,1,£509.93,£509.97,£509.93,£0.04
343,CA-2015-122336,04/13/2015,2015,Apr,Qtr2,Second Class,JD-15895,Jonathan,Doherty,Corporate,United States,Philadelphia,Pennsylvania,19140,East,OFF-FA-10002780,Office Supplies,£30.99,1,£30.06,£30.99,£30.06,£0.93
344,CA-2015-122336,04/13/2015,2015,Apr,Qtr2,Second Class,JD-15895,Jonathan,Doherty,Corporate,United States,Philadelphia,Pennsylvania,19140,East,TEC-PH-10000702,Technology,£71.93,1,£71.77,£71.93,£71.77,£0.16
345,US-2016-120712,12/20/2016,2016,Dec,Qtr4,Standard Class,CS-12130,Chad,Sievert,Consumer,United States,Austin,Texas,78745,Central,OFF-ST-10000107,Office Supplies,£88.80,7,£88.41,£621.60,£618.87,£2.73
346,CA-2018-169901,06/15/2018,2018,Jun,Qtr2,Standard Class,CC-12550,Clay,Cheatham,Consumer,United States,San Francisco,California,94122,West,TEC-PH-10002293,Technology,£47.98,9,£47.57,£431.78,£428.13,£3.65
347,CA-2018-134306,08/07/2018,2018,Aug,Qtr3,Standard Class,TD-20995,Tamara,Dahlen,Consumer,United States,Lowell,Massachusetts,1852,East,OFF-AR-10004027,Office Supplies,£7.56,1,£6.69,£7.56,£6.69,£0.87
348,CA-2018-134306,08/07/2018,2018,Aug,Qtr3,Standard Class,TD-20995,Tamara,Dahlen,Consumer,United States,Lowell,Massachusetts,1852,East,OFF-PA-10000249,Office Supplies,£24.56,1,£23.77,£24.56,£23.77,£0.79
349,CA-2018-134306,08/07/2018,2018,Aug,Qtr3,Standard Class,TD-20995,Tamara,Dahlen,Consumer,United States,Lowell,Massachusetts,1852,East,OFF-AR-10001374,Office Supplies,£12.96,1,£12.95,£12.96,£12.95,£0.01
350,CA-2017-129714,01/09/2017,2017,Jan,Qtr1,First Class,AB-10060,Adam,Bellavance,Home Office,United States,New York City,New York,10009,East,TEC-AC-10000290,Technology,£6.79,1,£6.40,£6.79,£6.40,£0.39
351,CA-2017-129714,01/09/2017,2017,Jan,Qtr1,First Class,AB-10060,Adam,Bellavance,Home Office,United States,New York City,New York,10009,East,OFF-PA-10001970,Office Supplies,£24.56,1,£23.66,£24.56,£23.66,£0.90
352,CA-2017-129714,01/09/2017,2017,Jan,Qtr1,First Class,AB-10060,Adam,Bellavance,Home Office,United States,New York City,New York,10009,East,OFF-BI-10002160,Office Supplies,£3.05,1,£2.22,£3.05,£2.22,£0.83
353,CA-2017-129714,01/09/2017,2017,Jan,Qtr1,First Class,AB-10060,Adam,Bellavance,Home Office,United States,New York City,New York,10009,East,OFF-PA-10001970,Office Supplies,£49.12,1,£48.36,£49.12,£48.36,£0.76
354,CA-2017-129714,01/09/2017,2017,Jan,Qtr1,First Class,AB-10060,Adam,Bellavance,Home Office,United States,New York City,New York,10009,East,OFF-BI-10004995,Office Supplies,"£4,355.17",1,"£4,355.06","£4,355.17","£4,355.06",£0.11
355,CA-2017-138520,08/04/2017,2017,Aug,Qtr3,Standard Class,JL-15505,Jeremy,Lonsdale,Consumer,United States,New York City,New York,10035,East,FUR-BO-10002268,Furniture,£388.70,1,£388.45,£388.70,£388.45,£0.25
356,CA-2017-138520,08/04/2017,2017,Aug,Qtr3,Standard Class,JL-15505,Jeremy,Lonsdale,Consumer,United States,New York City,New York,10035,East,OFF-EN-10001137,Office Supplies,£8.26,1,£7.81,£8.26,£7.81,£0.45
357,CA-2017-138520,08/04/2017,2017,Aug,Qtr3,Standard Class,JL-15505,Jeremy,Lonsdale,Consumer,United States,New York City,New York,10035,East,OFF-AR-10002399,Office Supplies,£17.04,1,£16.07,£17.04,£16.07,£0.97
358,CA-2017-138520,08/04/2017,2017,Aug,Qtr3,Standard Class,JL-15505,Jeremy,Lonsdale,Consumer,United States,New York City,New York,10035,East,OFF-PA-10002713,Office Supplies,£34.40,1,£34.10,£34.40,£34.10,£0.30
359,CA-2017-130001,04/23/2017,2017,Apr,Qtr2,Standard Class,HK-14890,Heather,Kirkland,Corporate,United States,Charlotte,North Carolina,28205,South,OFF-PA-10002666,Office Supplies,£36.24,2,£35.90,£72.48,£71.80,£0.68
360,CA-2018-155698,08/03/2018,2018,Aug,Qtr3,First Class,VB-21745,Victoria,Brennan,Corporate,United States,Columbus,Georgia,31907,South,OFF-AP-10001124,Office Supplies,£647.84,3,£647.21,"£1,943.52","£1,941.63",£1.89
361,CA-2018-155698,08/03/2018,2018,Aug,Qtr3,First Class,VB-21745,Victoria,Brennan,Corporate,United States,Columbus,Georgia,31907,South,OFF-LA-10001158,Office Supplies,£20.70,3,£20.01,£62.10,£60.03,£2.07
362,CA-2018-144904,09/25/2018,2018,Sep,Qtr3,Standard Class,KW-16435,Katrina,Willman,Consumer,United States,New York City,New York,10009,East,OFF-LA-10001158,Office Supplies,£20.70,1,£20.49,£20.70,£20.49,£0.21
363,CA-2018-144904,09/25/2018,2018,Sep,Qtr3,Standard Class,KW-16435,Katrina,Willman,Consumer,United States,New York City,New York,10009,East,FUR-CH-10000785,Furniture,£488.65,1,£488.09,£488.65,£488.09,£0.56
364,CA-2018-144904,09/25/2018,2018,Sep,Qtr3,Standard Class,KW-16435,Katrina,Willman,Consumer,United States,New York City,New York,10009,East,OFF-AR-10003732,Office Supplies,£5.56,1,£5.19,£5.56,£5.19,£0.37
365,CA-2018-144904,09/25/2018,2018,Sep,Qtr3,Standard Class,KW-16435,Katrina,Willman,Consumer,United States,New York City,New York,10009,East,FUR-FU-10000023,Furniture,£47.12,1,£46.53,£47.12,£46.53,£0.59
366,CA-2015-123344,09/24/2015,2015,Sep,Qtr3,Standard Class,JD-16060,Julia,Dunbar,Consumer,United States,San Francisco,California,94109,West,OFF-ST-10001713,Office Supplies,£211.96,9,£211.15,"£1,907.64","£1,900.35",£7.29
367,CA-2017-155516,10/21/2017,2017,Oct,Qtr4,Same Day,MK-17905,Michael,Kennedy,Corporate,United States,Manchester,Connecticut,6040,East,OFF-BI-10002412,Office Supplies,£23.20,6,£22.28,£139.20,£133.68,£5.52
368,CA-2017-155516,10/21/2017,2017,Oct,Qtr4,Same Day,MK-17905,Michael,Kennedy,Corporate,United States,Manchester,Connecticut,6040,East,OFF-SU-10001225,Office Supplies,£7.36,6,£6.65,£44.16,£39.90,£4.26
369,CA-2017-155516,10/21/2017,2017,Oct,Qtr4,Same Day,MK-17905,Michael,Kennedy,Corporate,United States,Manchester,Connecticut,6040,East,OFF-ST-10002406,Office Supplies,£104.79,6,£104.42,£628.74,£626.52,£2.22
370,CA-2017-155516,10/21/2017,2017,Oct,Qtr4,Same Day,MK-17905,Michael,Kennedy,Corporate,United States,Manchester,Connecticut,6040,East,FUR-BO-10002545,Furniture,"£1,043.92",6,"£1,042.99","£6,263.52","£6,257.94",£5.58
371,CA-2018-104745,05/29/2018,2018,May,Qtr2,Standard Class,GT-14755,Guy,Thornton,Consumer,United States,Harlingen,Texas,78550,Central,OFF-PA-10002036,Office Supplies,£25.92,7,£25.30,£181.44,£177.10,£4.34
372,CA-2018-104745,05/29/2018,2018,May,Qtr2,Standard Class,GT-14755,Guy,Thornton,Consumer,United States,Harlingen,Texas,78550,Central,OFF-ST-10002205,Office Supplies,£53.42,7,£52.95,£373.97,£370.65,£3.32
373,US-2015-119137,07/23/2015,2015,Jul,Qtr3,Standard Class,AG-10900,Arthur,Gainer,Consumer,United States,Tucson,Arizona,85705,West,OFF-BI-10001982,Office Supplies,£8.16,8,£7.87,£65.28,£62.96,£2.32
374,US-2015-119137,07/23/2015,2015,Jul,Qtr3,Standard Class,AG-10900,Arthur,Gainer,Consumer,United States,Tucson,Arizona,85705,West,TEC-AC-10003911,Technology,"£1,023.94",8,"£1,023.84","£8,191.49","£8,190.72",£0.77
375,US-2015-119137,07/23/2015,2015,Jul,Qtr3,Standard Class,AG-10900,Arthur,Gainer,Consumer,United States,Tucson,Arizona,85705,West,OFF-AR-10000658,Office Supplies,£9.24,8,£8.58,£73.92,£68.64,£5.28
376,US-2015-119137,07/23/2015,2015,Jul,Qtr3,Standard Class,AG-10900,Arthur,Gainer,Consumer,United States,Tucson,Arizona,85705,West,TEC-AC-10002076,Technology,£479.04,8,£478.19,"£3,832.32","£3,825.52",£6.80
377,US-2017-134656,09/28/2017,2017,Sep,Qtr3,First Class,MM-18280,Muhammed,MacIntyre,Corporate,United States,Quincy,Illinois,62301,Central,OFF-PA-10003039,Office Supplies,£99.14,6,£98.18,£594.82,£589.08,£5.74
378,US-2018-134481,08/27/2018,2018,Aug,Qtr3,Standard Class,AR-10405,Allen,Rosenblatt,Corporate,United States,Franklin,Massachusetts,2038,East,FUR-TA-10004915,Furniture,"£1,488.42",2,"£1,488.22","£2,976.85","£2,976.44",£0.41
379,CA-2016-130792,04/28/2016,2016,Apr,Qtr2,Standard Class,RA-19915,Russell,Applegate,Consumer,United States,Houston,Texas,77095,Central,OFF-AP-10000696,Office Supplies,£8.65,7,£7.80,£60.56,£54.60,£5.96
380,CA-2016-130792,04/28/2016,2016,Apr,Qtr2,Standard Class,RA-19915,Russell,Applegate,Consumer,United States,Houston,Texas,77095,Central,OFF-ST-10003327,Office Supplies,£23.83,7,£23.31,£166.82,£163.17,£3.65
381,CA-2016-130792,04/28/2016,2016,Apr,Qtr2,Standard Class,RA-19915,Russell,Applegate,Consumer,United States,Houston,Texas,77095,Central,OFF-BI-10000309,Office Supplies,£12.18,7,£12.05,£85.23,£84.35,£0.88
382,CA-2017-134775,10/28/2017,2017,Oct,Qtr4,First Class,AS-10285,Alejandro,Savely,Corporate,United States,San Francisco,California,94109,West,OFF-PA-10004734,Office Supplies,£50.96,9,£50.41,£458.64,£453.69,£4.95
383,CA-2017-134775,10/28/2017,2017,Oct,Qtr4,First Class,AS-10285,Alejandro,Savely,Corporate,United States,San Francisco,California,94109,West,OFF-BI-10002225,Office Supplies,£49.54,9,£49.01,£445.82,£441.09,£4.73
384,CA-2016-125395,06/26/2016,2016,Jun,Qtr2,Second Class,LA-16780,Laura,Armstrong,Corporate,United States,Taylor,Michigan,48180,Central,TEC-AC-10004708,Technology,£41.90,4,£41.31,£167.60,£165.24,£2.36
385,US-2016-168935,11/27/2016,2016,Nov,Qtr4,Standard Class,DO-13435,Denny,Ordway,Consumer,United States,Pembroke Pines,Florida,33024,South,FUR-TA-10000617,Furniture,£375.46,3,£374.84,"£1,126.37","£1,124.52",£1.85
386,US-2016-168935,11/27/2016,2016,Nov,Qtr4,Standard Class,DO-13435,Denny,Ordway,Consumer,United States,Pembroke Pines,Florida,33024,South,TEC-AC-10002335,Technology,£83.98,3,£83.07,£251.93,£249.21,£2.72
387,CA-2016-122756,03/12/2016,2016,Mar,Qtr1,Standard Class,DK-13225,Dean,Katz,Corporate,United States,Philadelphia,Pennsylvania,19140,East,TEC-MA-10001681,Technology,£482.34,1,£481.81,£482.34,£481.81,£0.53
388,CA-2016-122756,03/12/2016,2016,Mar,Qtr1,Standard Class,DK-13225,Dean,Katz,Corporate,United States,Philadelphia,Pennsylvania,19140,East,FUR-FU-10001935,Furniture,£2.96,1,£2.24,£2.96,£2.24,£0.72
389,CA-2015-115973,11/24/2015,2015,Nov,Qtr4,First Class,NG-18430,Nathan,Gelder,Consumer,United States,Cincinnati,Ohio,45231,East,OFF-AR-10004757,Office Supplies,£2.62,4,£2.11,£10.50,£8.44,£2.06
390,CA-2018-101798,11/12/2018,2018,Nov,Qtr4,Standard Class,MV-18190,Mike,Vittorini,Consumer,United States,New York City,New York,10009,East,OFF-BI-10000050,Office Supplies,£23.36,1,£22.76,£23.36,£22.76,£0.60
391,CA-2018-101798,11/12/2018,2018,Nov,Qtr4,Standard Class,MV-18190,Mike,Vittorini,Consumer,United States,New York City,New York,10009,East,TEC-AC-10001998,Technology,£39.98,1,£39.12,£39.98,£39.12,£0.86
392,US-2015-135972,09/21/2015,2015,Sep,Qtr3,Second Class,JG-15115,Jack,Garza,Consumer,United States,Des Moines,Washington,98198,West,TEC-PH-10003012,Technology,£246.38,9,£245.60,"£2,217.46","£2,210.40",£7.06
393,US-2015-135972,09/21/2015,2015,Sep,Qtr3,Second Class,JG-15115,Jack,Garza,Consumer,United States,Des Moines,Washington,98198,West,TEC-CO-10002313,Technology,"£1,799.97",9,"£1,799.44","£16,199.73","£16,194.96",£4.77
394,US-2015-134971,07/06/2015,2015,Jul,Qtr3,Second Class,BP-11095,Bart,Pistole,Corporate,United States,Peoria,Illinois,61604,Central,OFF-BI-10003982,Office Supplies,£12.46,6,£11.68,£74.77,£70.08,£4.69
395,CA-2018-102946,06/30/2018,2018,Jun,Qtr2,Standard Class,VP-21730,Victor,Preis,Home Office,United States,Las Vegas,Nevada,89115,West,OFF-BI-10004492,Office Supplies,£75.79,8,£75.20,£606.34,£601.60,£4.74
396,CA-2018-165603,10/17/2018,2018,Oct,Qtr4,Second Class,SS-20140,Saphhira,Shifley,Corporate,United States,Warwick,Rhode Island,2886,East,OFF-ST-10000798,Office Supplies,£49.96,2,£49.81,£99.92,£99.62,£0.30
397,CA-2018-165603,10/17/2018,2018,Oct,Qtr4,Second Class,SS-20140,Saphhira,Shifley,Corporate,United States,Warwick,Rhode Island,2886,East,OFF-PA-10002552,Office Supplies,£12.96,2,£12.37,£25.92,£24.74,£1.18
398,CA-2016-122259,10/31/2016,2016,Oct,Qtr4,Standard Class,HP-14815,Harold,Pawlan,Home Office,United States,Jackson,Michigan,49201,Central,OFF-SU-10002573,Office Supplies,£70.12,4,£69.33,£280.48,£277.32,£3.16
399,CA-2017-108987,08/09/2017,2017,Aug,Qtr3,Second Class,AG-10675,Anna,Gayman,Consumer,United States,Houston,Texas,77036,Central,OFF-ST-10001580,Office Supplies,£35.95,7,£35.91,£251.66,£251.37,£0.29
400,CA-2017-108987,08/09/2017,2017,Aug,Qtr3,Second Class,AG-10675,Anna,Gayman,Consumer,United States,Houston,Texas,77036,Central,FUR-BO-10004834,Furniture,"£2,396.27",7,"£2,395.78","£16,773.86","£16,770.46",£3.40
401,CA-2017-108987,08/09/2017,2017,Aug,Qtr3,Second Class,AG-10675,Anna,Gayman,Consumer,United States,Houston,Texas,77036,Central,OFF-ST-10000934,Office Supplies,£131.14,7,£130.97,£917.95,£916.79,£1.16
402,CA-2017-108987,08/09/2017,2017,Aug,Qtr3,Second Class,AG-10675,Anna,Gayman,Consumer,United States,Houston,Texas,77036,Central,TEC-AC-10000158,Technology,£57.58,7,£57.10,£403.09,£399.70,£3.39
403,CA-2015-113166,12/24/2015,2015,Dec,Qtr4,First Class,LF-17185,Luke,Foster,Consumer,United States,Miami,Florida,33180,South,OFF-PA-10001947,Office Supplies,£9.57,3,£8.71,£28.70,£26.13,£2.57
404,CA-2015-155208,04/16/2015,2015,Apr,Qtr2,Standard Class,SP-20650,Stephanie,Phelps,Corporate,United States,Wilmington,North Carolina,28403,South,OFF-AR-10003478,Office Supplies,£39.07,2,£38.51,£78.14,£77.02,£1.12
405,CA-2018-117933,12/24/2018,2018,Dec,Qtr4,Standard Class,RF-19840,Roy,Französisch,Consumer,United States,New York City,New York,10024,East,OFF-AP-10004249,Office Supplies,£35.91,1,£35.67,£35.91,£35.67,£0.24
406,CA-2018-117457,08/12/2018,2018,Aug,Qtr3,Standard Class,KH-16510,Keith,Herrera,Consumer,United States,San Francisco,California,94110,West,TEC-AC-10000158,Technology,£179.95,9,£179.62,"£1,619.55","£1,616.58",£2.97
407,CA-2018-117457,08/12/2018,2018,Aug,Qtr3,Standard Class,KH-16510,Keith,Herrera,Consumer,United States,San Francisco,California,94110,West,TEC-CO-10004115,Technology,"£1,199.98",9,"£1,199.86","£10,799.78","£10,798.74",£1.04
408,CA-2018-117457,08/12/2018,2018,Aug,Qtr3,Standard Class,KH-16510,Keith,Herrera,Consumer,United States,San Francisco,California,94110,West,OFF-PA-10003724,Office Supplies,£27.15,9,£27.07,£244.35,£243.63,£0.72
409,CA-2018-117457,08/12/2018,2018,Aug,Qtr3,Standard Class,KH-16510,Keith,Herrera,Consumer,United States,San Francisco,California,94110,West,FUR-TA-10002041,Furniture,"£1,004.02",9,"£1,003.74","£9,036.22","£9,033.66",£2.56
410,CA-2018-117457,08/12/2018,2018,Aug,Qtr3,Standard Class,KH-16510,Keith,Herrera,Consumer,United States,San Francisco,California,94110,West,OFF-PA-10002893,Office Supplies,£9.68,9,£8.77,£87.12,£78.93,£8.19
411,CA-2018-117457,08/12/2018,2018,Aug,Qtr3,Standard Class,KH-16510,Keith,Herrera,Consumer,United States,San Francisco,California,94110,West,OFF-LA-10003766,Office Supplies,£28.35,9,£27.45,£255.15,£247.05,£8.10
412,CA-2018-117457,08/12/2018,2018,Aug,Qtr3,Standard Class,KH-16510,Keith,Herrera,Consumer,United States,San Francisco,California,94110,West,OFF-PA-10001970,Office Supplies,£55.98,9,£55.71,£503.82,£501.39,£2.43
413,CA-2018-117457,08/12/2018,2018,Aug,Qtr3,Standard Class,KH-16510,Keith,Herrera,Consumer,United States,San Francisco,California,94110,West,FUR-BO-10001972,Furniture,"£1,336.83",9,"£1,336.39","£12,031.46","£12,027.51",£3.95
414,CA-2018-117457,08/12/2018,2018,Aug,Qtr3,Standard Class,KH-16510,Keith,Herrera,Consumer,United States,San Francisco,California,94110,West,FUR-CH-10003956,Furniture,£113.57,9,£113.48,"£1,022.11","£1,021.32",£0.79
415,CA-2018-142636,03/11/2018,2018,Mar,Qtr1,Standard Class,KC-16675,Kimberly,Carter,Corporate,United States,Seattle,Washington,98105,West,OFF-PA-10000157,Office Supplies,£139.86,9,£138.94,"£1,258.74","£1,250.46",£8.28
416,CA-2018-142636,03/11/2018,2018,Mar,Qtr1,Standard Class,KC-16675,Kimberly,Carter,Corporate,United States,Seattle,Washington,98105,West,FUR-CH-10001891,Furniture,£307.14,9,£306.85,"£2,764.22","£2,761.65",£2.57
417,CA-2018-122105,06/24/2018,2018,Jun,Qtr2,Standard Class,CJ-12010,Caroline,Jumper,Consumer,United States,Huntington Beach,California,92646,West,OFF-AR-10004344,Office Supplies,£95.92,9,£95.20,£863.28,£856.80,£6.48
418,CA-2017-148796,04/14/2017,2017,Apr,Qtr2,Standard Class,PB-19150,Philip,Brown,Consumer,United States,Los Angeles,California,90004,West,FUR-CH-10004886,Furniture,£383.80,9,£383.39,"£3,454.20","£3,450.51",£3.69
419,CA-2018-154816,06/11/2018,2018,Jun,Qtr2,Standard Class,VB-21745,Victoria,Brennan,Corporate,United States,Richmond,Kentucky,40475,South,OFF-PA-10003845,Office Supplies,£5.78,4,£5.46,£23.12,£21.84,£1.28
420,CA-2018-110478,04/03/2018,2018,Apr,Qtr2,Standard Class,SP-20860,Sung,Pak,Corporate,United States,Los Angeles,California,90045,West,OFF-AR-10001573,Office Supplies,£9.32,9,£8.95,£83.88,£80.55,£3.33
421,CA-2018-110478,04/03/2018,2018,Apr,Qtr2,Standard Class,SP-20860,Sung,Pak,Corporate,United States,Los Angeles,California,90045,West,OFF-EN-10000483,Office Supplies,£15.25,9,£15.23,£137.25,£137.07,£0.18
422,CA-2015-142048,06/22/2015,2015,Jun,Qtr2,First Class,JE-15745,Joel,Eaton,Consumer,United States,Louisville,Colorado,80027,West,TEC-AC-10004114,Technology,£196.75,8,£196.71,"£1,574.02","£1,573.68",£0.34
423,CA-2018-125388,10/19/2018,2018,Oct,Qtr4,Standard Class,MP-17965,Michael,Paige,Corporate,United States,Lawrence,Massachusetts,1841,East,FUR-FU-10004712,Furniture,£56.56,1,£56.43,£56.56,£56.43,£0.13
424,CA-2018-125388,10/19/2018,2018,Oct,Qtr4,Standard Class,MP-17965,Michael,Paige,Corporate,United States,Lawrence,Massachusetts,1841,East,OFF-ST-10000918,Office Supplies,£32.70,1,£31.80,£32.70,£31.80,£0.90
425,CA-2018-155705,08/21/2018,2018,Aug,Qtr3,Second Class,NF-18385,Natalie,Fritzler,Consumer,United States,Jackson,Mississippi,39212,South,FUR-CH-10000015,Furniture,£866.40,3,£865.96,"£2,599.20","£2,597.88",£1.32
426,CA-2018-149160,11/23/2018,2018,Nov,Qtr4,Second Class,JM-15265,Janet,Molinari,Corporate,United States,Canton,Michigan,48187,Central,FUR-FU-10003347,Furniture,£28.40,4,£27.46,£113.60,£109.84,£3.76
427,CA-2018-149160,11/23/2018,2018,Nov,Qtr4,Second Class,JM-15265,Janet,Molinari,Corporate,United States,Canton,Michigan,48187,Central,OFF-BI-10001543,Office Supplies,£287.92,4,£287.29,"£1,151.68","£1,149.16",£2.52
428,CA-2015-101476,12/09/2015,2015,Dec,Qtr4,First Class,SD-20485,Shirley,Daniels,Home Office,United States,New Rochelle,New York,10801,East,TEC-MA-10000029,Technology,£69.99,1,£69.33,£69.99,£69.33,£0.66
429,CA-2018-152275,01/10/2018,2018,Jan,Qtr1,Standard Class,KH-16630,Ken,Heidel,Corporate,United States,San Antonio,Texas,78207,Central,OFF-AR-10000369,Office Supplies,£6.67,7,£5.83,£46.70,£40.81,£5.89
430,US-2017-123750,04/15/2017,2017,Apr,Qtr2,Standard Class,RB-19795,Ross,Baird,Home Office,United States,Gastonia,North Carolina,28052,South,OFF-BI-10004584,Office Supplies,£189.59,2,£189.27,£379.18,£378.54,£0.64
431,US-2017-123750,04/15/2017,2017,Apr,Qtr2,Standard Class,RB-19795,Ross,Baird,Home Office,United States,Gastonia,North Carolina,28052,South,TEC-AC-10004659,Technology,£408.74,2,£408.29,£817.49,£816.58,£0.91
432,US-2017-123750,04/15/2017,2017,Apr,Qtr2,Standard Class,RB-19795,Ross,Baird,Home Office,United States,Gastonia,North Carolina,28052,South,TEC-AC-10004659,Technology,£291.96,2,£291.27,£583.92,£582.54,£1.38
433,US-2017-123750,04/15/2017,2017,Apr,Qtr2,Standard Class,RB-19795,Ross,Baird,Home Office,United States,Gastonia,North Carolina,28052,South,OFF-ST-10000617,Office Supplies,£4.77,2,£4.48,£9.54,£8.96,£0.58
434,CA-2017-127369,06/06/2017,2017,Jun,Qtr2,First Class,DB-13060,Dave,Brooks,Consumer,United States,Lowell,Massachusetts,1852,East,OFF-ST-10003306,Office Supplies,£714.30,1,£713.40,£714.30,£713.40,£0.90
435,US-2015-150574,12/19/2015,2015,Dec,Qtr4,Standard Class,MK-18160,Mike,Kennedy,Consumer,United States,Jacksonville,Florida,32216,South,OFF-BI-10000773,Office Supplies,£4.81,3,£3.97,£14.44,£11.91,£2.53
436,US-2015-150574,12/19/2015,2015,Dec,Qtr4,Standard Class,MK-18160,Mike,Kennedy,Consumer,United States,Jacksonville,Florida,32216,South,TEC-AC-10002600,Technology,£247.80,3,£247.72,£743.40,£743.16,£0.24
437,CA-2017-147375,12/06/2017,2017,Dec,Qtr4,Second Class,PO-19180,Philisse,Overcash,Home Office,United States,Chicago,Illinois,60623,Central,TEC-MA-10002937,Technology,"£1,007.98",6,"£1,007.35","£6,047.87","£6,044.10",£3.77
438,CA-2017-147375,12/06/2017,2017,Dec,Qtr4,Second Class,PO-19180,Philisse,Overcash,Home Office,United States,Chicago,Illinois,60623,Central,OFF-PA-10001970,Office Supplies,£313.49,6,£313.04,"£1,880.93","£1,878.24",£2.69
439,CA-2018-130043,09/15/2018,2018,Sep,Qtr3,Standard Class,BB-11545,Brenda,Bowman,Corporate,United States,Houston,Texas,77070,Central,OFF-PA-10002230,Office Supplies,£31.87,7,£31.68,£223.10,£221.76,£1.34
440,CA-2018-157252,01/20/2018,2018,Jan,Qtr1,Second Class,CV-12805,Cynthia,Voltz,Corporate,United States,New York City,New York,10024,East,FUR-CH-10003396,Furniture,£207.85,1,£207.58,£207.85,£207.58,£0.27
441,CA-2017-115756,05/09/2017,2017,May,Qtr2,Second Class,PK-19075,Pete,Kriz,Consumer,United States,Detroit,Michigan,48227,Central,FUR-FU-10000246,Furniture,£12.22,4,£11.56,£48.88,£46.24,£2.64
442,CA-2017-115756,05/09/2017,2017,May,Qtr2,Second Class,PK-19075,Pete,Kriz,Consumer,United States,Detroit,Michigan,48227,Central,OFF-ST-10000060,Office Supplies,£194.94,4,£194.44,£779.76,£777.76,£2.00
443,CA-2017-115756,05/09/2017,2017,May,Qtr2,Second Class,PK-19075,Pete,Kriz,Consumer,United States,Detroit,Michigan,48227,Central,OFF-ST-10003058,Office Supplies,£70.95,4,£70.42,£283.80,£281.68,£2.12
444,CA-2017-115756,05/09/2017,2017,May,Qtr2,Second Class,PK-19075,Pete,Kriz,Consumer,United States,Detroit,Michigan,48227,Central,OFF-PA-10002222,Office Supplies,£91.36,4,£90.47,£365.44,£361.88,£3.56
445,CA-2017-115756,05/09/2017,2017,May,Qtr2,Second Class,PK-19075,Pete,Kriz,Consumer,United States,Detroit,Michigan,48227,Central,FUR-CH-10002372,Furniture,£242.94,4,£242.17,£971.76,£968.68,£3.08
446,CA-2017-115756,05/09/2017,2017,May,Qtr2,Second Class,PK-19075,Pete,Kriz,Consumer,United States,Detroit,Michigan,48227,Central,OFF-LA-10001317,Office Supplies,£22.05,4,£21.14,£88.20,£84.56,£3.64
447,CA-2018-154214,03/20/2018,2018,Mar,Qtr1,Second Class,TB-21595,Troy,Blackwell,Consumer,United States,Columbus,Indiana,47201,Central,FUR-FU-10000206,Furniture,£2.91,4,£2.17,£11.64,£8.68,£2.96
448,CA-2017-166674,01/04/2017,2017,Jan,Qtr1,Second Class,RB-19360,Raymond,Buch,Consumer,United States,Auburn,New York,13021,East,OFF-AR-10000588,Office Supplies,£59.52,1,£58.78,£59.52,£58.78,£0.74
449,CA-2017-166674,01/04/2017,2017,Jan,Qtr1,Second Class,RB-19360,Raymond,Buch,Consumer,United States,Auburn,New York,13021,East,OFF-ST-10001469,Office Supplies,£161.94,1,£161.59,£161.94,£161.59,£0.35
450,CA-2017-166674,01/04/2017,2017,Jan,Qtr1,Second Class,RB-19360,Raymond,Buch,Consumer,United States,Auburn,New York,13021,East,OFF-AR-10001953,Office Supplies,£263.88,1,£263.38,£263.88,£263.38,£0.50
451,CA-2017-166674,01/04/2017,2017,Jan,Qtr1,Second Class,RB-19360,Raymond,Buch,Consumer,United States,Auburn,New York,13021,East,OFF-AR-10003156,Office Supplies,£30.48,1,£30.24,£30.48,£30.24,£0.24
452,CA-2017-166674,01/04/2017,2017,Jan,Qtr1,Second Class,RB-19360,Raymond,Buch,Consumer,United States,Auburn,New York,13021,East,OFF-AR-10004974,Office Supplies,£9.84,1,£9.02,£9.84,£9.02,£0.82
453,CA-2017-166674,01/04/2017,2017,Jan,Qtr1,Second Class,RB-19360,Raymond,Buch,Consumer,United States,Auburn,New York,13021,East,TEC-PH-10002365,Technology,£35.12,1,£34.27,£35.12,£34.27,£0.85
454,CA-2018-147277,10/20/2018,2018,Oct,Qtr4,Standard Class,EB-13705,Ed,Braxton,Corporate,United States,Akron,Ohio,44312,East,FUR-TA-10001539,Furniture,£284.36,4,£283.97,"£1,137.46","£1,135.88",£1.58
455,CA-2018-147277,10/20/2018,2018,Oct,Qtr4,Standard Class,EB-13705,Ed,Braxton,Corporate,United States,Akron,Ohio,44312,East,OFF-ST-10000142,Office Supplies,£665.41,4,£664.60,"£2,661.63","£2,658.40",£3.23
456,CA-2017-100153,12/13/2017,2017,Dec,Qtr4,Standard Class,KH-16630,Ken,Heidel,Corporate,United States,Norman,Oklahoma,73071,Central,TEC-AC-10001772,Technology,£63.88,7,£63.05,£447.16,£441.35,£5.81
457,US-2015-110674,12/02/2015,2015,Dec,Qtr4,Standard Class,SC-20095,Sanjit,Chand,Consumer,United States,Concord,California,94521,West,FUR-CH-10000225,Furniture,£129.57,9,£129.15,"£1,166.11","£1,162.35",£3.76
458,US-2017-157945,09/26/2017,2017,Sep,Qtr3,Standard Class,NF-18385,Natalie,Fritzler,Consumer,United States,Decatur,Illinois,62521,Central,FUR-CH-10002331,Furniture,£747.56,6,£746.84,"£4,485.35","£4,481.04",£4.31
459,US-2017-157945,09/26/2017,2017,Sep,Qtr3,Standard Class,NF-18385,Natalie,Fritzler,Consumer,United States,Decatur,Illinois,62521,Central,OFF-EN-10001415,Office Supplies,£8.93,6,£8.28,£53.57,£49.68,£3.89
460,CA-2016-109638,12/15/2016,2016,Dec,Qtr4,Standard Class,JH-15985,Joseph,Holt,Consumer,United States,Seattle,Washington,98115,West,OFF-AP-10002472,Office Supplies,£103.92,9,£103.73,£935.28,£933.57,£1.71
461,CA-2016-109638,12/15/2016,2016,Dec,Qtr4,Standard Class,JH-15985,Joseph,Holt,Consumer,United States,Seattle,Washington,98115,West,TEC-AC-10004571,Technology,£899.91,9,£899.67,"£8,099.19","£8,097.03",£2.16
462,CA-2016-109638,12/15/2016,2016,Dec,Qtr4,Standard Class,JH-15985,Joseph,Holt,Consumer,United States,Seattle,Washington,98115,West,OFF-BI-10001098,Office Supplies,£51.31,9,£50.41,£461.81,£453.69,£8.12
463,CA-2017-109869,04/22/2017,2017,Apr,Qtr2,Standard Class,TN-21040,Tanja,Norvell,Home Office,United States,Phoenix,Arizona,85023,West,FUR-FU-10000023,Furniture,£23.56,8,£23.16,£188.48,£185.28,£3.20
464,CA-2017-109869,04/22/2017,2017,Apr,Qtr2,Standard Class,TN-21040,Tanja,Norvell,Home Office,United States,Phoenix,Arizona,85023,West,FUR-TA-10001889,Furniture,"£1,272.63",8,"£1,272.51","£10,181.04","£10,180.08",£0.96
465,CA-2017-109869,04/22/2017,2017,Apr,Qtr2,Standard Class,TN-21040,Tanja,Norvell,Home Office,United States,Phoenix,Arizona,85023,West,OFF-BI-10000315,Office Supplies,£28.49,8,£28.44,£227.88,£227.52,£0.36
466,CA-2017-109869,04/22/2017,2017,Apr,Qtr2,Standard Class,TN-21040,Tanja,Norvell,Home Office,United States,Phoenix,Arizona,85023,West,OFF-SU-10003505,Office Supplies,£185.38,8,£184.43,"£1,483.01","£1,475.44",£7.57
467,CA-2017-109869,04/22/2017,2017,Apr,Qtr2,Standard Class,TN-21040,Tanja,Norvell,Home Office,United States,Phoenix,Arizona,85023,West,OFF-AP-10002578,Office Supplies,£78.27,8,£77.64,£626.18,£621.12,£5.06
468,US-2016-101399,01/17/2016,2016,Jan,Qtr1,Standard Class,JS-15940,Joni,Sundaresam,Home Office,United States,Park Ridge,Illinois,60068,Central,FUR-FU-10002918,Furniture,£254.74,6,£254.06,"£1,528.46","£1,524.36",£4.10
469,CA-2018-154907,03/31/2018,2018,Mar,Qtr1,Standard Class,DS-13180,David,Smith,Corporate,United States,Amarillo,Texas,79109,Central,FUR-BO-10002824,Furniture,£205.33,7,£205.18,"£1,437.33","£1,436.26",£1.07
470,US-2017-100419,12/16/2017,2017,Dec,Qtr4,Second Class,CC-12670,Craig,Carreira,Consumer,United States,Chicago,Illinois,60610,Central,OFF-BI-10002194,Office Supplies,£4.79,6,£4.67,£28.73,£28.02,£0.71
471,CA-2016-154144,12/20/2016,2016,Dec,Qtr4,Standard Class,MH-17785,Maya,Herman,Corporate,United States,Lindenhurst,New York,11757,East,OFF-PA-10004071,Office Supplies,£55.48,1,£55.37,£55.48,£55.37,£0.11
472,CA-2015-144666,09/11/2015,2015,Sep,Qtr3,Second Class,JP-15520,Jeremy,Pistek,Consumer,United States,San Francisco,California,94110,West,OFF-ST-10002743,Office Supplies,£340.92,9,£340.43,"£3,068.28","£3,063.87",£4.41
473,CA-2015-144666,09/11/2015,2015,Sep,Qtr3,Second Class,JP-15520,Jeremy,Pistek,Consumer,United States,San Francisco,California,94110,West,FUR-BO-10001601,Furniture,£222.67,9,£221.73,"£2,003.99","£1,995.57",£8.42
474,CA-2015-144666,09/11/2015,2015,Sep,Qtr3,Second Class,JP-15520,Jeremy,Pistek,Consumer,United States,San Francisco,California,94110,West,TEC-PH-10002680,Technology,£703.97,9,£703.77,"£6,335.71","£6,333.93",£1.78
475,CA-2015-144666,09/11/2015,2015,Sep,Qtr3,Second Class,JP-15520,Jeremy,Pistek,Consumer,United States,San Francisco,California,94110,West,OFF-ST-10001321,Office Supplies,£92.52,9,£91.76,£832.68,£825.84,£6.84
476,CA-2015-144666,09/11/2015,2015,Sep,Qtr3,Second Class,JP-15520,Jeremy,Pistek,Consumer,United States,San Francisco,California,94110,West,OFF-PA-10001509,Office Supplies,£62.65,9,£61.71,£563.85,£555.39,£8.46
477,CA-2015-144666,09/11/2015,2015,Sep,Qtr3,Second Class,JP-15520,Jeremy,Pistek,Consumer,United States,San Francisco,California,94110,West,OFF-PA-10003465,Office Supplies,£94.85,9,£94.19,£853.65,£847.71,£5.94
478,CA-2017-103891,12/07/2017,2017,Dec,Qtr4,Standard Class,KH-16690,Kristen,Hastings,Corporate,United States,Los Angeles,California,90008,West,TEC-PH-10000149,Technology,£95.76,9,£95.18,£861.84,£856.62,£5.22
479,CA-2017-152632,10/27/2017,2017,Oct,Qtr4,Standard Class,JE-15475,Jeremy,Ellison,Consumer,United States,Troy,New York,12180,East,FUR-FU-10002671,Furniture,£40.20,1,£39.61,£40.20,£39.61,£0.59
480,CA-2017-100790,06/26/2017,2017,Jun,Qtr2,Standard Class,JG-15805,John,Grady,Corporate,United States,New York City,New York,10024,East,OFF-AR-10003045,Office Supplies,£14.70,1,£13.71,£14.70,£13.71,£0.99
481,CA-2017-100790,06/26/2017,2017,Jun,Qtr2,Standard Class,JG-15805,John,Grady,Corporate,United States,New York City,New York,10024,East,OFF-ST-10000689,Office Supplies,£704.25,1,£703.79,£704.25,£703.79,£0.46
482,CA-2015-134677,06/10/2015,2015,Jun,Qtr2,Standard Class,XP-21865,Xylona,Preis,Consumer,United States,San Diego,California,92024,West,TEC-AC-10001445,Technology,£9.09,9,£8.90,£81.81,£80.10,£1.71
483,CA-2015-127691,07/22/2015,2015,Jul,Qtr3,Standard Class,EM-14065,Erin,Mull,Consumer,United States,New York City,New York,10024,East,OFF-AR-10002053,Office Supplies,£5.96,1,£4.97,£5.96,£4.97,£0.99
484,CA-2015-127691,07/22/2015,2015,Jul,Qtr3,Standard Class,EM-14065,Erin,Mull,Consumer,United States,New York City,New York,10024,East,TEC-AC-10002567,Technology,£159.98,1,£159.24,£159.98,£159.24,£0.74
485,CA-2018-140963,10/06/2018,2018,Oct,Qtr4,First Class,MT-18070,Michelle,Tran,Home Office,United States,Los Angeles,California,90045,West,OFF-LA-10003923,Office Supplies,£29.60,9,£29.14,£266.40,£262.26,£4.14
486,CA-2018-140963,10/06/2018,2018,Oct,Qtr4,First Class,MT-18070,Michelle,Tran,Home Office,United States,Los Angeles,California,90045,West,FUR-BO-10001337,Furniture,£514.17,9,£513.37,"£4,627.49","£4,620.33",£7.15
487,CA-2018-140963,10/06/2018,2018,Oct,Qtr4,First Class,MT-18070,Michelle,Tran,Home Office,United States,Los Angeles,California,90045,West,TEC-PH-10001924,Technology,£279.96,9,£279.24,"£2,519.64","£2,513.16",£6.48
488,CA-2015-154627,10/29/2015,2015,Oct,Qtr4,First Class,SA-20830,Sue,Ann,Consumer,United States,Chicago,Illinois,60610,Central,TEC-PH-10001363,Technology,"£2,735.95",6,"£2,735.58","£16,415.71","£16,413.48",£2.23
489,CA-2015-133753,09/06/2015,2015,Sep,Qtr3,Second Class,CW-11905,Carl,Weiss,Home Office,United States,Huntsville,Texas,77340,Central,TEC-PH-10000376,Technology,£7.99,7,£7.29,£55.94,£51.03,£4.91
490,CA-2015-133753,09/06/2015,2015,Sep,Qtr3,Second Class,CW-11905,Carl,Weiss,Home Office,United States,Huntsville,Texas,77340,Central,TEC-AC-10000303,Technology,£63.98,7,£63.56,£447.89,£444.92,£2.97
491,CA-2015-133753,09/06/2015,2015,Sep,Qtr3,Second Class,CW-11905,Carl,Weiss,Home Office,United States,Huntsville,Texas,77340,Central,OFF-AR-10001953,Office Supplies,£70.37,7,£69.68,£492.58,£487.76,£4.82
492,CA-2015-113362,09/14/2015,2015,Sep,Qtr3,Standard Class,AJ-10960,Astrea,Jones,Consumer,United States,Rochester,New York,14609,East,OFF-ST-10001809,Office Supplies,£449.15,1,£448.88,£449.15,£448.88,£0.27
493,CA-2015-113362,09/14/2015,2015,Sep,Qtr3,Standard Class,AJ-10960,Astrea,Jones,Consumer,United States,Rochester,New York,14609,East,OFF-EN-10003845,Office Supplies,£11.07,1,£10.58,£11.07,£10.58,£0.49
494,CA-2017-169166,09/05/2017,2017,Sep,Qtr3,Standard Class,SS-20590,Sonia,Sunley,Consumer,United States,Seattle,Washington,98115,West,TEC-AC-10000991,Technology,£93.98,9,£93.20,£845.82,£838.80,£7.02
495,US-2017-120929,03/18/2017,2017,Mar,Qtr1,Second Class,RO-19780,Rose,O'Brian,Consumer,United States,Memphis,Tennessee,38109,South,FUR-TA-10001857,Furniture,£189.88,3,£189.64,£569.65,£568.92,£0.73
496,CA-2016-134782,12/27/2016,2016,Dec,Qtr4,Standard Class,MD-17350,Maribeth,Dona,Consumer,United States,Fayetteville,Arkansas,72701,South,OFF-EN-10001434,Office Supplies,£105.42,7,£105.38,£737.94,£737.66,£0.28
497,CA-2017-126158,07/25/2017,2017,Jul,Qtr3,Standard Class,SC-20095,Sanjit,Chand,Consumer,United States,Costa Mesa,California,92627,West,OFF-BI-10002498,Office Supplies,£119.62,9,£119.10,"£1,076.54","£1,071.90",£4.64
498,CA-2017-126158,07/25/2017,2017,Jul,Qtr3,Standard Class,SC-20095,Sanjit,Chand,Consumer,United States,Costa Mesa,California,92627,West,FUR-FU-10004864,Furniture,£255.76,9,£254.81,"£2,301.84","£2,293.29",£8.55
499,CA-2017-126158,07/25/2017,2017,Jul,Qtr3,Standard Class,SC-20095,Sanjit,Chand,Consumer,United States,Costa Mesa,California,92627,West,FUR-CH-10002602,Furniture,£241.57,9,£240.79,"£2,174.11","£2,167.11",£7.00
500,CA-2017-126158,07/25/2017,2017,Jul,Qtr3,Standard Class,SC-20095,Sanjit,Chand,Consumer,United States,Costa Mesa,California,92627,West,FUR-FU-10000073,Furniture,£69.30,9,£68.37,£623.70,£615.33,£8.37
501,US-2017-105578,05/30/2017,2017,May,Qtr2,Standard Class,MY-17380,Maribeth,Yedwab,Corporate,United States,Parker,Colorado,80134,West,OFF-BI-10001670,Office Supplies,£22.62,8,£22.21,£180.96,£177.68,£3.28
502,US-2017-105578,05/30/2017,2017,May,Qtr2,Standard Class,MY-17380,Maribeth,Yedwab,Corporate,United States,Parker,Colorado,80134,West,OFF-BI-10001658,Office Supplies,£14.95,8,£14.93,£119.62,£119.44,£0.18
503,US-2017-105578,05/30/2017,2017,May,Qtr2,Standard Class,MY-17380,Maribeth,Yedwab,Corporate,United States,Parker,Colorado,80134,West,FUR-CH-10001215,Furniture,£801.57,8,£801.23,"£6,412.54","£6,409.84",£2.70
504,US-2017-105578,05/30/2017,2017,May,Qtr2,Standard Class,MY-17380,Maribeth,Yedwab,Corporate,United States,Parker,Colorado,80134,West,OFF-BI-10000831,Office Supplies,£2.38,8,£1.55,£19.01,£12.40,£6.61
505,US-2017-105578,05/30/2017,2017,May,Qtr2,Standard Class,MY-17380,Maribeth,Yedwab,Corporate,United States,Parker,Colorado,80134,West,OFF-PA-10000357,Office Supplies,£32.79,8,£32.25,£262.34,£258.00,£4.34
506,CA-2018-134978,12/11/2018,2018,Dec,Qtr4,Second Class,EB-13705,Ed,Braxton,Corporate,United States,New York City,New York,10024,East,OFF-BI-10003274,Office Supplies,£15.92,1,£15.15,£15.92,£15.15,£0.77
507,CA-2016-145352,03/16/2016,2016,Mar,Qtr1,Standard Class,CM-12385,Christopher,Martinez,Consumer,United States,Atlanta,Georgia,30318,South,OFF-AR-10001662,Office Supplies,£2.74,3,£1.79,£8.22,£5.37,£2.85
508,CA-2016-145352,03/16/2016,2016,Mar,Qtr1,Standard Class,CM-12385,Christopher,Martinez,Consumer,United States,Atlanta,Georgia,30318,South,OFF-AR-10003856,Office Supplies,£8.34,3,£8.07,£25.02,£24.21,£0.81
509,CA-2016-145352,03/16/2016,2016,Mar,Qtr1,Standard Class,CM-12385,Christopher,Martinez,Consumer,United States,Atlanta,Georgia,30318,South,OFF-ST-10001228,Office Supplies,£46.74,3,£45.81,£140.22,£137.43,£2.79
510,CA-2016-145352,03/16/2016,2016,Mar,Qtr1,Standard Class,CM-12385,Christopher,Martinez,Consumer,United States,Atlanta,Georgia,30318,South,OFF-BI-10003527,Office Supplies,"£6,354.95",3,"£6,353.97","£19,064.85","£19,061.91",£2.94
511,CA-2018-135307,11/26/2018,2018,Nov,Qtr4,First Class,LS-17245,Lynn,Smith,Consumer,United States,Gladstone,Missouri,64118,Central,FUR-FU-10001290,Furniture,£126.30,6,£125.39,£757.80,£752.34,£5.46
512,CA-2018-135307,11/26/2018,2018,Nov,Qtr4,First Class,LS-17245,Lynn,Smith,Consumer,United States,Gladstone,Missouri,64118,Central,TEC-AC-10002399,Technology,£38.04,6,£37.09,£228.24,£222.54,£5.70
513,CA-2017-106341,10/20/2017,2017,Oct,Qtr4,First Class,LF-17185,Luke,Foster,Consumer,United States,Newark,Ohio,43055,East,OFF-AR-10002053,Office Supplies,£7.15,4,£7.15,£28.61,£28.60,£0.01
514,CA-2018-163405,12/21/2018,2018,Dec,Qtr4,Standard Class,BN-11515,Bradley,Nguyen,Consumer,United States,Los Angeles,California,90049,West,OFF-AR-10003811,Office Supplies,£6.63,9,£6.52,£59.67,£58.68,£0.99
515,CA-2018-163405,12/21/2018,2018,Dec,Qtr4,Standard Class,BN-11515,Bradley,Nguyen,Consumer,United States,Los Angeles,California,90049,West,OFF-AR-10001246,Office Supplies,£5.88,9,£5.42,£52.92,£48.78,£4.14
516,CA-2018-127432,01/22/2018,2018,Jan,Qtr1,Standard Class,AD-10180,Alan,Dominguez,Home Office,United States,Great Falls,Montana,59405,West,TEC-CO-10003236,Technology,"£2,999.95",5,"£2,998.96","£14,999.75","£14,994.80",£4.95
517,CA-2018-127432,01/22/2018,2018,Jan,Qtr1,Standard Class,AD-10180,Alan,Dominguez,Home Office,United States,Great Falls,Montana,59405,West,OFF-ST-10004507,Office Supplies,£51.45,5,£50.93,£257.25,£254.65,£2.60
518,CA-2018-127432,01/22/2018,2018,Jan,Qtr1,Standard Class,AD-10180,Alan,Dominguez,Home Office,United States,Great Falls,Montana,59405,West,OFF-PA-10001667,Office Supplies,£11.96,5,£11.16,£59.80,£55.80,£4.00
519,CA-2018-127432,01/22/2018,2018,Jan,Qtr1,Standard Class,AD-10180,Alan,Dominguez,Home Office,United States,Great Falls,Montana,59405,West,OFF-ST-10004459,Office Supplies,"£1,126.02",5,"£1,125.59","£5,630.10","£5,627.95",£2.15
520,CA-2016-157812,03/22/2016,2016,Mar,Qtr1,Standard Class,DB-13210,Dean,Braden,Consumer,United States,Houston,Texas,77041,Central,TEC-AC-10000171,Technology,£18.39,7,£18.12,£128.74,£126.84,£1.90
521,CA-2016-157812,03/22/2016,2016,Mar,Qtr1,Standard Class,DB-13210,Dean,Braden,Consumer,United States,Houston,Texas,77041,Central,OFF-ST-10000736,Office Supplies,£129.57,7,£129.10,£906.98,£903.70,£3.28
522,CA-2016-157812,03/22/2016,2016,Mar,Qtr1,Standard Class,DB-13210,Dean,Braden,Consumer,United States,Houston,Texas,77041,Central,OFF-BI-10000285,Office Supplies,£14.11,7,£13.35,£98.78,£93.45,£5.33
523,CA-2018-145142,01/23/2018,2018,Jan,Qtr1,First Class,MC-17605,Matt,Connell,Corporate,United States,Detroit,Michigan,48234,Central,FUR-TA-10001857,Furniture,£210.98,4,£210.23,£843.92,£840.92,£3.00
524,US-2017-139486,05/21/2017,2017,May,Qtr2,First Class,LH-17155,Logan,Haushalter,Consumer,United States,Los Angeles,California,90032,West,TEC-PH-10003555,Technology,£55.18,9,£54.96,£496.58,£494.64,£1.94
525,US-2017-139486,05/21/2017,2017,May,Qtr2,First Class,LH-17155,Logan,Haushalter,Consumer,United States,Los Angeles,California,90032,West,TEC-AC-10003832,Technology,£66.26,9,£66.07,£596.34,£594.63,£1.71
526,CA-2016-158792,12/26/2016,2016,Dec,Qtr4,Standard Class,BD-11605,Brian,Dahlen,Consumer,United States,Lawrence,Massachusetts,1841,East,OFF-FA-10002815,Office Supplies,£22.20,1,£22.09,£22.20,£22.09,£0.11
527,CA-2018-113558,10/21/2018,2018,Oct,Qtr4,Standard Class,PH-18790,Patricia,Hirasaki,Home Office,United States,Lakeland,Florida,33801,South,FUR-CH-10003379,Furniture,£683.95,3,£683.38,"£2,051.86","£2,050.14",£1.72
528,CA-2018-113558,10/21/2018,2018,Oct,Qtr4,Standard Class,PH-18790,Patricia,Hirasaki,Home Office,United States,Lakeland,Florida,33801,South,FUR-FU-10001756,Furniture,£45.70,3,£44.75,£137.09,£134.25,£2.84
529,US-2016-138303,03/09/2016,2016,Mar,Qtr1,Standard Class,MG-18145,Mike,Gockenbach,Consumer,United States,Philadelphia,Pennsylvania,19134,East,OFF-ST-10004963,Office Supplies,£36.34,1,£35.79,£36.34,£35.79,£0.55
530,US-2016-138303,03/09/2016,2016,Mar,Qtr1,Standard Class,MG-18145,Mike,Gockenbach,Consumer,United States,Philadelphia,Pennsylvania,19134,East,OFF-SU-10002881,Office Supplies,£666.25,1,£665.42,£666.25,£665.42,£0.83
531,US-2016-138303,03/09/2016,2016,Mar,Qtr1,Standard Class,MG-18145,Mike,Gockenbach,Consumer,United States,Philadelphia,Pennsylvania,19134,East,OFF-EN-10001335,Office Supplies,£52.51,1,£51.96,£52.51,£51.96,£0.55
532,CA-2016-102848,07/11/2016,2016,Jul,Qtr3,Second Class,KB-16240,Karen,Bern,Corporate,United States,Los Angeles,California,90036,West,FUR-CH-10000595,Furniture,£190.72,9,£190.15,"£1,716.48","£1,711.35",£5.13
533,US-2018-129441,07/09/2018,2018,Jul,Qtr3,Standard Class,JC-15340,Jasper,Cacioppo,Consumer,United States,Los Angeles,California,90032,West,FUR-FU-10000448,Furniture,£47.94,9,£47.47,£431.46,£427.23,£4.23
534,CA-2017-168753,05/29/2017,2017,May,Qtr2,Second Class,RL-19615,Rob,Lucas,Consumer,United States,Montgomery,Alabama,36116,South,TEC-PH-10000984,Technology,£979.95,3,£979.35,"£2,939.85","£2,938.05",£1.80
535,CA-2017-168753,05/29/2017,2017,May,Qtr2,Second Class,RL-19615,Rob,Lucas,Consumer,United States,Montgomery,Alabama,36116,South,OFF-BI-10002557,Office Supplies,£22.75,3,£22.51,£68.25,£67.53,£0.72
536,CA-2017-126613,10/07/2017,2017,Oct,Qtr4,Standard Class,AA-10375,Allen,Armold,Consumer,United States,Mesa,Arizona,85204,West,OFF-ST-10001325,Office Supplies,£16.77,8,£16.10,£134.14,£128.80,£5.34
537,US-2018-122637,03/09/2018,2018,Mar,Qtr1,Second Class,EP-13915,Emily,Phan,Consumer,United States,Chicago,Illinois,60653,Central,OFF-BI-10002429,Office Supplies,£42.62,6,£41.78,£255.70,£250.68,£5.02
538,CA-2016-147851,03/12/2016,2016,Mar,Qtr1,Standard Class,MP-17470,Mark,Packer,Home Office,United States,New York City,New York,10009,East,OFF-BI-10004528,Office Supplies,£10.75,1,£10.57,£10.75,£10.57,£0.18
539,CA-2016-134894,07/12/2016,2016,Jul,Qtr3,Standard Class,DK-12985,Darren,Koutras,Consumer,United States,Henderson,Kentucky,42420,South,OFF-AP-10001271,Office Supplies,£152.94,4,£152.58,£611.76,£610.32,£1.44
540,CA-2016-134894,07/12/2016,2016,Jul,Qtr3,Standard Class,DK-12985,Darren,Koutras,Consumer,United States,Henderson,Kentucky,42420,South,FUR-CH-10002647,Furniture,£283.92,4,£282.95,"£1,135.68","£1,131.80",£3.88
541,CA-2015-140795,01/02/2015,2015,Jan,Qtr1,First Class,BD-11500,Bradley,Drucker,Consumer,United States,Green Bay,Wisconsin,54302,Central,TEC-AC-10001432,Technology,£468.90,5,£467.96,"£2,344.50","£2,339.80",£4.70
542,CA-2017-136924,07/14/2017,2017,Jul,Qtr3,First Class,ES-14080,Erin,Smith,Corporate,United States,Tucson,Arizona,85705,West,TEC-PH-10002262,Technology,£380.86,8,£380.60,"£3,046.91","£3,044.80",£2.11
543,US-2016-120161,12/18/2016,2016,Dec,Qtr4,Standard Class,LM-17065,Liz,MacKendrick,Consumer,United States,Springfield,Ohio,45503,East,OFF-ST-10001809,Office Supplies,£646.78,4,£646.66,"£2,587.10","£2,586.64",£0.46
544,CA-2015-103849,11/05/2015,2015,Nov,Qtr4,Standard Class,PG-18895,Paul,Gonzalez,Consumer,United States,Fort Worth,Texas,76106,Central,TEC-AC-10001465,Technology,£58.11,7,£57.94,£406.78,£405.58,£1.20
545,CA-2015-103849,11/05/2015,2015,Nov,Qtr4,Standard Class,PG-18895,Paul,Gonzalez,Consumer,United States,Fort Worth,Texas,76106,Central,TEC-PH-10002597,Technology,£100.79,7,£100.58,£705.54,£704.06,£1.48
546,CA-2015-103849,11/05/2015,2015,Nov,Qtr4,Standard Class,PG-18895,Paul,Gonzalez,Consumer,United States,Fort Worth,Texas,76106,Central,FUR-FU-10000723,Furniture,£66.11,7,£65.65,£462.78,£459.55,£3.23
547,CA-2018-162929,11/19/2018,2018,Nov,Qtr4,First Class,AS-10135,Adrian,Shami,Home Office,United States,New York City,New York,10035,East,OFF-BI-10000404,Office Supplies,£41.28,1,£40.59,£41.28,£40.59,£0.69
548,CA-2018-162929,11/19/2018,2018,Nov,Qtr4,First Class,AS-10135,Adrian,Shami,Home Office,United States,New York City,New York,10035,East,OFF-PA-10002986,Office Supplies,£13.36,1,£12.82,£13.36,£12.82,£0.54
549,CA-2016-113173,11/15/2016,2016,Nov,Qtr4,Second Class,DK-13225,Dean,Katz,Corporate,United States,Chicago,Illinois,60653,Central,OFF-ST-10000604,Office Supplies,£250.27,6,£249.83,"£1,501.63","£1,498.98",£2.65
550,CA-2016-113173,11/15/2016,2016,Nov,Qtr4,Second Class,DK-13225,Dean,Katz,Corporate,United States,Chicago,Illinois,60653,Central,OFF-BI-10004738,Office Supplies,£11.36,6,£10.83,£68.18,£64.98,£3.20
551,CA-2016-113173,11/15/2016,2016,Nov,Qtr4,Second Class,DK-13225,Dean,Katz,Corporate,United States,Chicago,Illinois,60653,Central,OFF-SU-10001935,Office Supplies,£8.72,6,£7.76,£52.32,£46.56,£5.76
552,CA-2017-136406,04/15/2017,2017,Apr,Qtr2,Second Class,BD-11320,Bill,Donatelli,Consumer,United States,San Francisco,California,94110,West,FUR-CH-10002024,Furniture,"£1,121.57",9,"£1,120.83","£10,094.11","£10,087.47",£6.64
553,CA-2018-112774,11/09/2018,2018,Nov,Qtr4,First Class,RC-19960,Ryan,Crowe,Consumer,United States,Jacksonville,Florida,32216,South,FUR-FU-10003039,Furniture,£34.50,3,£33.80,£103.51,£101.40,£2.11
554,CA-2018-101945,11/24/2018,2018,Nov,Qtr4,Standard Class,GT-14710,Greg,Tran,Consumer,United States,Houston,Texas,77070,Central,OFF-FA-10004248,Office Supplies,£10.82,7,£10.04,£75.77,£70.28,£5.49
555,CA-2018-100650,06/29/2018,2018,Jun,Qtr2,Second Class,DK-13225,Dean,Katz,Corporate,United States,Anaheim,California,92804,West,OFF-ST-10001780,Office Supplies,"£1,295.78",9,"£1,295.24","£11,662.02","£11,657.16",£4.86
556,CA-2015-155852,03/03/2015,2015,Mar,Qtr1,Second Class,AJ-10945,Ashley,Jarboe,Consumer,United States,Wilmington,North Carolina,28403,South,OFF-AR-10003560,Office Supplies,£19.46,2,£18.87,£38.91,£37.74,£1.17
557,CA-2017-113243,10/06/2017,2017,Oct,Qtr4,Standard Class,OT-18730,Olvera,Toch,Consumer,United States,Los Angeles,California,90045,West,OFF-LA-10001297,Office Supplies,£20.70,9,£20.46,£186.30,£184.14,£2.16
558,CA-2017-113243,10/06/2017,2017,Oct,Qtr4,Standard Class,OT-18730,Olvera,Toch,Consumer,United States,Los Angeles,California,90045,West,FUR-TA-10004256,Furniture,"£1,335.68",9,"£1,335.12","£12,021.12","£12,016.08",£5.04
559,CA-2017-113243,10/06/2017,2017,Oct,Qtr4,Standard Class,OT-18730,Olvera,Toch,Consumer,United States,Los Angeles,California,90045,West,OFF-PA-10003441,Office Supplies,£32.40,9,£31.82,£291.60,£286.38,£5.22
560,CA-2018-118731,11/20/2018,2018,Nov,Qtr4,Second Class,LP-17080,Liz,Pelletier,Consumer,United States,San Francisco,California,94110,West,FUR-FU-10003347,Furniture,£42.60,9,£41.71,£383.40,£375.39,£8.01
561,CA-2018-118731,11/20/2018,2018,Nov,Qtr4,Second Class,LP-17080,Liz,Pelletier,Consumer,United States,San Francisco,California,94110,West,OFF-BI-10000069,Office Supplies,£84.06,9,£83.54,£756.50,£751.86,£4.64
562,CA-2015-145576,09/14/2015,2015,Sep,Qtr3,Second Class,CA-12775,Cynthia,Arntzen,Consumer,United States,Tampa,Florida,33614,South,OFF-AP-10003914,Office Supplies,£13.00,3,£12.20,£39.00,£36.60,£2.40
563,CA-2015-145576,09/14/2015,2015,Sep,Qtr3,Second Class,CA-12775,Cynthia,Arntzen,Consumer,United States,Tampa,Florida,33614,South,FUR-FU-10004020,Furniture,£13.13,3,£13.05,£39.38,£39.15,£0.23
564,CA-2016-130736,07/12/2016,2016,Jul,Qtr3,First Class,JF-15490,Jeremy,Farry,Consumer,United States,Seattle,Washington,98105,West,OFF-FA-10003467,Office Supplies,£3.96,9,£3.30,£35.64,£29.70,£5.94
565,CA-2016-130736,07/12/2016,2016,Jul,Qtr3,First Class,JF-15490,Jeremy,Farry,Consumer,United States,Seattle,Washington,98105,West,OFF-LA-10000634,Office Supplies,£2.61,9,£2.36,£23.49,£21.24,£2.25
566,CA-2018-137099,07/12/2018,2018,Jul,Qtr3,First Class,FP-14320,Frank,Preis,Consumer,United States,Los Angeles,California,90008,West,TEC-PH-10002496,Technology,£374.38,9,£373.52,"£3,369.38","£3,361.68",£7.70
567,CA-2018-156951,01/10/2018,2018,Jan,Qtr1,Standard Class,EB-13840,Ellis,Ballard,Corporate,United States,Seattle,Washington,98105,West,OFF-PA-10004530,Office Supplies,£91.84,9,£91.28,£826.56,£821.52,£5.04
568,CA-2018-156951,01/10/2018,2018,Jan,Qtr1,Standard Class,EB-13840,Ellis,Ballard,Corporate,United States,Seattle,Washington,98105,West,OFF-BI-10001107,Office Supplies,£81.09,9,£80.34,£729.79,£723.06,£6.73
569,CA-2018-156951,01/10/2018,2018,Jan,Qtr1,Standard Class,EB-13840,Ellis,Ballard,Corporate,United States,Seattle,Washington,98105,West,OFF-PA-10004451,Office Supplies,£19.44,9,£19.24,£174.96,£173.16,£1.80
570,CA-2018-156951,01/10/2018,2018,Jan,Qtr1,Standard Class,EB-13840,Ellis,Ballard,Corporate,United States,Seattle,Washington,98105,West,FUR-CH-10004997,Furniture,£451.15,9,£450.79,"£4,060.37","£4,057.11",£3.26
571,CA-2018-164826,12/28/2018,2018,Dec,Qtr4,Standard Class,JF-15415,Jennifer,Ferguson,Consumer,United States,New York City,New York,10024,East,OFF-LA-10001297,Office Supplies,£72.45,1,£71.96,£72.45,£71.96,£0.49
572,CA-2018-164826,12/28/2018,2018,Dec,Qtr4,Standard Class,JF-15415,Jennifer,Ferguson,Consumer,United States,New York City,New York,10024,East,OFF-FA-10000585,Office Supplies,£13.96,1,£13.67,£13.96,£13.67,£0.29
573,CA-2018-164826,12/28/2018,2018,Dec,Qtr4,Standard Class,JF-15415,Jennifer,Ferguson,Consumer,United States,New York City,New York,10024,East,OFF-BI-10001922,Office Supplies,£33.26,1,£32.56,£33.26,£32.56,£0.70
574,CA-2018-164826,12/28/2018,2018,Dec,Qtr4,Standard Class,JF-15415,Jennifer,Ferguson,Consumer,United States,New York City,New York,10024,East,TEC-PH-10000347,Technology,£14.85,1,£14.03,£14.85,£14.03,£0.82
575,CA-2017-127250,03/11/2017,2017,Mar,Qtr1,Standard Class,SF-20200,Sarah,Foster,Consumer,United States,Marysville,Washington,98270,West,OFF-AR-10003394,Office Supplies,£8.82,9,£7.93,£79.38,£71.37,£8.01
576,CA-2016-149713,09/18/2016,2016,Sep,Qtr3,Second Class,TG-21640,Trudy,Glocke,Consumer,United States,Long Beach,California,90805,West,OFF-PA-10004530,Office Supplies,£160.72,9,£160.10,"£1,446.48","£1,440.90",£5.58
577,CA-2016-149713,09/18/2016,2016,Sep,Qtr3,Second Class,TG-21640,Trudy,Glocke,Consumer,United States,Long Beach,California,90805,West,OFF-PA-10001450,Office Supplies,£19.92,9,£19.40,£179.28,£174.60,£4.68
578,CA-2016-149713,09/18/2016,2016,Sep,Qtr3,Second Class,TG-21640,Trudy,Glocke,Consumer,United States,Long Beach,California,90805,West,OFF-SU-10001574,Office Supplies,£7.30,9,£6.40,£65.70,£57.60,£8.10
579,CA-2018-118640,07/20/2018,2018,Jul,Qtr3,Standard Class,CS-11950,Carlos,Soltero,Consumer,United States,Chicago,Illinois,60610,Central,OFF-ST-10002974,Office Supplies,£69.71,6,£69.08,£418.27,£414.48,£3.79
580,CA-2018-118640,07/20/2018,2018,Jul,Qtr3,Standard Class,CS-11950,Carlos,Soltero,Consumer,United States,Chicago,Illinois,60610,Central,FUR-FU-10001475,Furniture,£8.79,6,£8.04,£52.75,£48.24,£4.51
581,CA-2016-132906,10/09/2016,2016,Oct,Qtr4,Standard Class,CC-12145,Charles,Crestani,Consumer,United States,Los Angeles,California,90004,West,OFF-SU-10004498,Office Supplies,£51.52,9,£50.87,£463.68,£457.83,£5.85
582,CA-2018-145233,01/12/2018,2018,Jan,Qtr1,Standard Class,DV-13465,Dianna,Vittorini,Consumer,United States,Denver,Colorado,80219,West,TEC-PH-10004977,Technology,£470.38,8,£469.87,"£3,763.01","£3,758.96",£4.05
583,CA-2018-145233,01/12/2018,2018,Jan,Qtr1,Standard Class,DV-13465,Dianna,Vittorini,Consumer,United States,Denver,Colorado,80219,West,TEC-PH-10000586,Technology,£105.58,8,£104.80,£844.67,£838.40,£6.27
584,CA-2018-145233,01/12/2018,2018,Jan,Qtr1,Standard Class,DV-13465,Dianna,Vittorini,Consumer,United States,Denver,Colorado,80219,West,OFF-AP-10000358,Office Supplies,£31.15,8,£30.52,£249.22,£244.16,£5.06
585,CA-2018-145233,01/12/2018,2018,Jan,Qtr1,Standard Class,DV-13465,Dianna,Vittorini,Consumer,United States,Denver,Colorado,80219,West,OFF-BI-10002764,Office Supplies,£6.78,8,£6.77,£54.26,£54.16,£0.10
586,CA-2018-145233,01/12/2018,2018,Jan,Qtr1,Standard Class,DV-13465,Dianna,Vittorini,Consumer,United States,Denver,Colorado,80219,West,TEC-PH-10001254,Technology,£406.37,8,£406.22,"£3,250.94","£3,249.76",£1.18
587,CA-2016-128139,03/07/2016,2016,Mar,Qtr1,Standard Class,BD-11725,Bruce,Degenhardt,Consumer,United States,Richmond,Kentucky,40475,South,FUR-CH-10003956,Furniture,£70.98,4,£70.65,£283.92,£282.60,£1.32
588,CA-2016-128139,03/07/2016,2016,Mar,Qtr1,Standard Class,BD-11725,Bruce,Degenhardt,Consumer,United States,Richmond,Kentucky,40475,South,OFF-LA-10003930,Office Supplies,£294.93,4,£294.81,"£1,179.72","£1,179.24",£0.48
589,US-2017-156986,03/20/2017,2017,Mar,Qtr1,Standard Class,ZC-21910,Zuschuss,Carroll,Consumer,United States,Salem,Oregon,97301,West,TEC-PH-10003800,Technology,£84.78,9,£84.02,£763.06,£756.18,£6.88
590,US-2017-156986,03/20/2017,2017,Mar,Qtr1,Standard Class,ZC-21910,Zuschuss,Carroll,Consumer,United States,Salem,Oregon,97301,West,OFF-PA-10002005,Office Supplies,£20.74,9,£19.74,£186.62,£177.66,£8.96
591,US-2017-156986,03/20/2017,2017,Mar,Qtr1,Standard Class,ZC-21910,Zuschuss,Carroll,Consumer,United States,Salem,Oregon,97301,West,OFF-BI-10002498,Office Supplies,£16.82,9,£16.29,£151.39,£146.61,£4.78
592,US-2017-156986,03/20/2017,2017,Mar,Qtr1,Standard Class,ZC-21910,Zuschuss,Carroll,Consumer,United States,Salem,Oregon,97301,West,OFF-PA-10004101,Office Supplies,£10.37,9,£10.10,£93.31,£90.90,£2.41
593,CA-2015-135405,09/01/2015,2015,Sep,Qtr3,Standard Class,MS-17830,Melanie,Seite,Consumer,United States,Laredo,Texas,78041,Central,OFF-AR-10004078,Office Supplies,£9.34,7,£8.59,£65.41,£60.13,£5.28
594,CA-2015-135405,09/01/2015,2015,Sep,Qtr3,Standard Class,MS-17830,Melanie,Seite,Consumer,United States,Laredo,Texas,78041,Central,TEC-AC-10001266,Technology,£31.20,7,£30.73,£218.40,£215.11,£3.29
595,CA-2015-131450,08/08/2015,2015,Aug,Qtr3,Standard Class,LR-16915,Lena,Radford,Consumer,United States,San Diego,California,92024,West,OFF-AP-10004708,Office Supplies,£76.12,9,£75.46,£685.08,£679.14,£5.94
596,CA-2015-131450,08/08/2015,2015,Aug,Qtr3,Standard Class,LR-16915,Lena,Radford,Consumer,United States,San Diego,California,92024,West,TEC-CO-10004115,Technology,"£1,199.98",9,"£1,199.23","£10,799.78","£10,793.07",£6.71
597,CA-2015-131450,08/08/2015,2015,Aug,Qtr3,Standard Class,LR-16915,Lena,Radford,Consumer,United States,San Diego,California,92024,West,TEC-PH-10002398,Technology,£445.96,9,£445.38,"£4,013.64","£4,008.42",£5.22
598,CA-2015-131450,08/08/2015,2015,Aug,Qtr3,Standard Class,LR-16915,Lena,Radford,Consumer,United States,San Diego,California,92024,West,FUR-FU-10001979,Furniture,£327.76,9,£327.51,"£2,949.84","£2,947.59",£2.25
599,CA-2017-120180,07/14/2017,2017,Jul,Qtr3,First Class,TP-21130,Theone,Pippenger,Consumer,United States,Philadelphia,Pennsylvania,19134,East,OFF-SU-10004115,Office Supplies,£11.63,1,£11.38,£11.63,£11.38,£0.25
600,US-2017-100720,07/16/2017,2017,Jul,Qtr3,Standard Class,CK-12205,Chloris,Kastensmidt,Consumer,United States,Philadelphia,Pennsylvania,19120,East,TEC-PH-10001425,Technology,£143.98,1,£143.98,£143.98,£143.98,£0.00
601,US-2017-100720,07/16/2017,2017,Jul,Qtr3,Standard Class,CK-12205,Chloris,Kastensmidt,Consumer,United States,Philadelphia,Pennsylvania,19120,East,TEC-PH-10003963,Technology,£494.38,1,£493.70,£494.38,£493.70,£0.68
602,US-2017-100720,07/16/2017,2017,Jul,Qtr3,Standard Class,CK-12205,Chloris,Kastensmidt,Consumer,United States,Philadelphia,Pennsylvania,19120,East,OFF-SU-10001574,Office Supplies,£5.84,1,£4.88,£5.84,£4.88,£0.96
603,CA-2015-149958,03/15/2015,2015,Mar,Qtr1,Standard Class,AS-10240,Alan,Shonely,Consumer,United States,Tampa,Florida,33614,South,OFF-ST-10001490,Office Supplies,£142.78,3,£142.64,£428.33,£427.92,£0.41
604,CA-2015-149958,03/15/2015,2015,Mar,Qtr1,Standard Class,AS-10240,Alan,Shonely,Consumer,United States,Tampa,Florida,33614,South,FUR-FU-10001756,Furniture,£45.70,3,£45.65,£137.09,£136.95,£0.14
605,CA-2015-149958,03/15/2015,2015,Mar,Qtr1,Standard Class,AS-10240,Alan,Shonely,Consumer,United States,Tampa,Florida,33614,South,OFF-BI-10000773,Office Supplies,£7.22,3,£6.25,£21.65,£18.75,£2.90
606,CA-2015-149958,03/15/2015,2015,Mar,Qtr1,Standard Class,AS-10240,Alan,Shonely,Consumer,United States,Tampa,Florida,33614,South,OFF-BI-10001543,Office Supplies,£43.19,3,£42.61,£129.56,£127.83,£1.73
607,CA-2015-149958,03/15/2015,2015,Mar,Qtr1,Standard Class,AS-10240,Alan,Shonely,Consumer,United States,Tampa,Florida,33614,South,OFF-PA-10002120,Office Supplies,£131.90,3,£131.07,£395.71,£393.21,£2.50
608,US-2015-105767,05/23/2015,2015,May,Qtr2,Standard Class,AR-10510,Andrew,Roberts,Consumer,United States,Philadelphia,Pennsylvania,19134,East,OFF-BI-10000848,Office Supplies,£3.28,1,£2.64,£3.28,£2.64,£0.64
609,US-2015-105767,05/23/2015,2015,May,Qtr2,Standard Class,AR-10510,Andrew,Roberts,Consumer,United States,Philadelphia,Pennsylvania,19134,East,OFF-AR-10001246,Office Supplies,£21.17,1,£20.68,£21.17,£20.68,£0.49
610,US-2015-105767,05/23/2015,2015,May,Qtr2,Standard Class,AR-10510,Andrew,Roberts,Consumer,United States,Philadelphia,Pennsylvania,19134,East,TEC-PH-10003092,Technology,£55.19,1,£54.68,£55.19,£54.68,£0.51
611,CA-2017-161816,04/28/2017,2017,Apr,Qtr2,First Class,NB-18655,Nona,Balk,Corporate,United States,Dallas,Texas,75217,Central,TEC-PH-10003012,Technology,£369.58,7,£369.43,"£2,587.03","£2,586.01",£1.02
612,CA-2017-161816,04/28/2017,2017,Apr,Qtr2,First Class,NB-18655,Nona,Balk,Corporate,United States,Dallas,Texas,75217,Central,OFF-LA-10004345,Office Supplies,£15.71,7,£15.41,£109.98,£107.87,£2.11
613,CA-2017-121223,11/09/2017,2017,Nov,Qtr4,Second Class,GD-14590,Giulietta,Dortch,Corporate,United States,Philadelphia,Pennsylvania,19143,East,OFF-PA-10001204,Office Supplies,£8.45,1,£7.49,£8.45,£7.49,£0.96
614,CA-2017-121223,11/09/2017,2017,Nov,Qtr4,Second Class,GD-14590,Giulietta,Dortch,Corporate,United States,Philadelphia,Pennsylvania,19143,East,TEC-PH-10004667,Technology,£728.95,1,£727.99,£728.95,£727.99,£0.96
615,CA-2018-138611,11/14/2018,2018,Nov,Qtr4,Second Class,CK-12595,Clytie,Kelty,Consumer,United States,Grove City,Ohio,43123,East,TEC-PH-10000011,Technology,£119.94,4,£119.72,£479.76,£478.88,£0.88
616,CA-2018-138611,11/14/2018,2018,Nov,Qtr4,Second Class,CK-12595,Clytie,Kelty,Consumer,United States,Grove City,Ohio,43123,East,OFF-BI-10002949,Office Supplies,£3.65,4,£2.81,£14.59,£11.24,£3.35
617,CA-2018-117947,08/18/2018,2018,Aug,Qtr3,Second Class,NG-18355,Nat,Gilpin,Corporate,United States,New York City,New York,10011,East,FUR-FU-10003849,Furniture,£40.48,1,£40.35,£40.48,£40.35,£0.13
618,CA-2018-117947,08/18/2018,2018,Aug,Qtr3,Second Class,NG-18355,Nat,Gilpin,Corporate,United States,New York City,New York,10011,East,FUR-FU-10000010,Furniture,£9.94,1,£9.42,£9.94,£9.42,£0.52
619,CA-2018-117947,08/18/2018,2018,Aug,Qtr3,Second Class,NG-18355,Nat,Gilpin,Corporate,United States,New York City,New York,10011,East,OFF-BI-10002824,Office Supplies,£107.42,1,£107.26,£107.42,£107.26,£0.16
620,CA-2018-117947,08/18/2018,2018,Aug,Qtr3,Second Class,NG-18355,Nat,Gilpin,Corporate,United States,New York City,New York,10011,East,TEC-PH-10002538,Technology,£37.91,1,£37.76,£37.91,£37.76,£0.15
621,CA-2018-117947,08/18/2018,2018,Aug,Qtr3,Second Class,NG-18355,Nat,Gilpin,Corporate,United States,New York City,New York,10011,East,FUR-FU-10000521,Furniture,£88.02,1,£87.89,£88.02,£87.89,£0.13
622,US-2015-111171,12/26/2015,2015,Dec,Qtr4,Standard Class,CA-12265,Christina,Anderson,Consumer,United States,Chicago,Illinois,60610,Central,OFF-BI-10002103,Office Supplies,£8.69,6,£8.16,£52.14,£48.96,£3.18
623,CA-2016-138009,11/29/2016,2016,Nov,Qtr4,Standard Class,SF-20965,Sylvia,Foulston,Corporate,United States,Dearborn,Michigan,48126,Central,FUR-CH-10004853,Furniture,£301.96,4,£301.62,"£1,207.84","£1,206.48",£1.36
624,CA-2016-138009,11/29/2016,2016,Nov,Qtr4,Standard Class,SF-20965,Sylvia,Foulston,Corporate,United States,Dearborn,Michigan,48126,Central,OFF-AP-10000179,Office Supplies,£555.21,4,£554.84,"£2,220.84","£2,219.36",£1.48
625,CA-2016-138009,11/29/2016,2016,Nov,Qtr4,Standard Class,SF-20965,Sylvia,Foulston,Corporate,United States,Dearborn,Michigan,48126,Central,OFF-ST-10001272,Office Supplies,£523.48,4,£522.95,"£2,093.92","£2,091.80",£2.12
626,CA-2016-138009,11/29/2016,2016,Nov,Qtr4,Standard Class,SF-20965,Sylvia,Foulston,Corporate,United States,Dearborn,Michigan,48126,Central,OFF-AR-10004042,Office Supplies,£161.82,4,£161.05,£647.28,£644.20,£3.08
627,CA-2018-163020,09/15/2018,2018,Sep,Qtr3,Standard Class,MO-17800,Meg,O'Connel,Home Office,United States,New York City,New York,10009,East,FUR-FU-10000221,Furniture,£35.56,1,£35.04,£35.56,£35.04,£0.52
628,CA-2018-153787,05/19/2018,2018,May,Qtr2,Standard Class,AT-10735,Annie,Thurman,Consumer,United States,Seattle,Washington,98115,West,OFF-AP-10001563,Office Supplies,£97.16,9,£97.09,£874.44,£873.81,£0.63
629,CA-2018-133431,12/17/2018,2018,Dec,Qtr4,Standard Class,LC-17140,Logan,Currie,Consumer,United States,San Francisco,California,94122,West,OFF-BI-10000605,Office Supplies,£15.24,9,£14.45,£137.16,£130.05,£7.11
630,CA-2018-133431,12/17/2018,2018,Dec,Qtr4,Standard Class,LC-17140,Logan,Currie,Consumer,United States,San Francisco,California,94122,West,OFF-PA-10002615,Office Supplies,£13.23,9,£12.83,£119.07,£115.47,£3.60
631,US-2017-135720,11/12/2017,2017,Nov,Qtr4,Second Class,FM-14380,Fred,McMath,Consumer,United States,Aurora,Colorado,80013,West,OFF-ST-10001963,Office Supplies,£243.38,8,£242.80,"£1,947.07","£1,942.40",£4.67
632,US-2017-135720,11/12/2017,2017,Nov,Qtr4,Second Class,FM-14380,Fred,McMath,Consumer,United States,Aurora,Colorado,80013,West,TEC-AC-10001267,Technology,£119.80,8,£119.49,£958.40,£955.92,£2.48
633,US-2017-135720,11/12/2017,2017,Nov,Qtr4,Second Class,FM-14380,Fred,McMath,Consumer,United States,Aurora,Colorado,80013,West,TEC-PH-10002103,Technology,£300.77,8,£300.09,"£2,406.14","£2,400.72",£5.42
634,CA-2018-144694,09/24/2018,2018,Sep,Qtr3,Second Class,BD-11605,Brian,Dahlen,Consumer,United States,Miami,Florida,33180,South,TEC-AC-10002857,Technology,£17.88,3,£16.89,£53.64,£50.67,£2.97
635,CA-2018-144694,09/24/2018,2018,Sep,Qtr3,Second Class,BD-11605,Brian,Dahlen,Consumer,United States,Miami,Florida,33180,South,OFF-LA-10003930,Office Supplies,£235.94,3,£235.05,£707.83,£705.15,£2.68
636,CA-2016-168004,04/10/2016,2016,Apr,Qtr2,Second Class,DJ-13420,Denny,Joy,Corporate,United States,Warner Robins,Georgia,31088,South,FUR-CH-10001482,Furniture,£392.94,3,£392.30,"£1,178.82","£1,176.90",£1.92
637,US-2017-123470,08/15/2017,2017,Aug,Qtr3,Standard Class,ME-17725,Max,Engle,Consumer,United States,Aurora,Colorado,80013,West,OFF-BI-10001989,Office Supplies,£18.88,8,£18.82,£151.06,£150.56,£0.50
638,US-2017-123470,08/15/2017,2017,Aug,Qtr3,Standard Class,ME-17725,Max,Engle,Consumer,United States,Aurora,Colorado,80013,West,OFF-AP-10003287,Office Supplies,£122.33,8,£121.96,£978.62,£975.68,£2.94
639,CA-2017-115917,05/20/2017,2017,May,Qtr2,Standard Class,RB-19465,Rick,Bensley,Home Office,United States,Vallejo,California,94591,West,FUR-FU-10000576,Furniture,"£1,049.20",9,"£1,048.97","£9,442.80","£9,440.73",£2.07
640,CA-2017-115917,05/20/2017,2017,May,Qtr2,Standard Class,RB-19465,Rick,Bensley,Home Office,United States,Vallejo,California,94591,West,OFF-BI-10004728,Office Supplies,£15.42,9,£14.88,£138.82,£133.92,£4.90
641,CA-2017-147067,12/18/2017,2017,Dec,Qtr4,Standard Class,JD-16150,Justin,Deggeller,Corporate,United States,Minneapolis,Minnesota,55407,Central,FUR-FU-10000732,Furniture,£18.84,5,£18.04,£94.20,£90.20,£4.00
642,CA-2018-167913,07/30/2018,2018,Jul,Qtr3,Second Class,JL-15835,John,Lee,Consumer,United States,Mission Viejo,California,92691,West,OFF-ST-10000585,Office Supplies,£330.40,9,£330.19,"£2,973.60","£2,971.71",£1.89
643,CA-2018-167913,07/30/2018,2018,Jul,Qtr3,Second Class,JL-15835,John,Lee,Consumer,United States,Mission Viejo,California,92691,West,OFF-LA-10002787,Office Supplies,£26.25,9,£25.55,£236.25,£229.95,£6.30
644,CA-2018-106103,10/06/2018,2018,Oct,Qtr4,Standard Class,SC-20305,Sean,Christensen,Consumer,United States,Rochester Hills,Michigan,48307,Central,TEC-AC-10003832,Technology,£132.52,4,£132.09,£530.08,£528.36,£1.72
645,US-2018-127719,07/21/2018,2018,Jul,Qtr3,Standard Class,TW-21025,Tamara,Willingham,Home Office,United States,Plainfield,New Jersey,7060,East,OFF-PA-10001934,Office Supplies,£6.48,7,£5.96,£45.36,£41.72,£3.64
646,CA-2018-126221,12/30/2018,2018,Dec,Qtr4,Standard Class,CC-12430,Chuck,Clark,Home Office,United States,Columbus,Indiana,47201,Central,OFF-AP-10002457,Office Supplies,£209.30,4,£209.04,£837.20,£836.16,£1.04
647,CA-2017-103947,01/04/2017,2017,Jan,Qtr1,Standard Class,BB-10990,Barry,Blumstein,Corporate,United States,Sierra Vista,Arizona,85635,West,OFF-FA-10003112,Office Supplies,£31.56,8,£31.05,£252.48,£248.40,£4.08
648,CA-2017-103947,01/04/2017,2017,Jan,Qtr1,Standard Class,BB-10990,Barry,Blumstein,Corporate,United States,Sierra Vista,Arizona,85635,West,OFF-AP-10002350,Office Supplies,£30.14,8,£30.06,£241.15,£240.48,£0.67
649,CA-2017-160745,11/12/2017,2017,Nov,Qtr4,Second Class,AR-10825,Anthony,Rawles,Corporate,United States,Vancouver,Washington,98661,West,FUR-FU-10001935,Furniture,£14.80,9,£14.73,£133.20,£132.57,£0.63
650,CA-2017-160745,11/12/2017,2017,Nov,Qtr4,Second Class,AR-10825,Anthony,Rawles,Corporate,United States,Vancouver,Washington,98661,West,TEC-PH-10003273,Technology,£302.38,9,£301.45,"£2,721.38","£2,713.05",£8.33
651,CA-2017-160745,11/12/2017,2017,Nov,Qtr4,Second Class,AR-10825,Anthony,Rawles,Corporate,United States,Vancouver,Washington,98661,West,TEC-AC-10001142,Technology,£316.00,9,£315.00,"£2,844.00","£2,835.00",£9.00
652,CA-2017-132661,10/23/2017,2017,Oct,Qtr4,Standard Class,SR-20740,Steven,Roelle,Home Office,United States,New York City,New York,10024,East,OFF-PA-10000482,Office Supplies,£379.40,1,£378.46,£379.40,£378.46,£0.94
653,CA-2018-140844,06/19/2018,2018,Jun,Qtr2,Standard Class,AR-10405,Allen,Rosenblatt,Corporate,United States,New York City,New York,10035,East,OFF-PA-10003892,Office Supplies,£97.82,1,£97.70,£97.82,£97.70,£0.12
654,CA-2018-140844,06/19/2018,2018,Jun,Qtr2,Standard Class,AR-10405,Allen,Rosenblatt,Corporate,United States,New York City,New York,10035,East,TEC-AC-10001101,Technology,£103.12,1,£102.24,£103.12,£102.24,£0.88
655,CA-2017-137239,08/22/2017,2017,Aug,Qtr3,Standard Class,CR-12730,Craig,Reiter,Consumer,United States,Columbus,Ohio,43229,East,OFF-AP-10002439,Office Supplies,£113.55,4,£112.70,£454.21,£450.80,£3.41
656,CA-2017-137239,08/22/2017,2017,Aug,Qtr3,Standard Class,CR-12730,Craig,Reiter,Consumer,United States,Columbus,Ohio,43229,East,OFF-BI-10002827,Office Supplies,£3.32,4,£3.09,£13.27,£12.36,£0.91
657,CA-2017-137239,08/22/2017,2017,Aug,Qtr3,Standard Class,CR-12730,Craig,Reiter,Consumer,United States,Columbus,Ohio,43229,East,OFF-EN-10002230,Office Supplies,£134.29,4,£133.72,£537.15,£534.88,£2.27
658,US-2017-156097,09/19/2017,2017,Sep,Qtr3,Same Day,EH-14125,Eugene,Hildebrand,Home Office,United States,Aurora,Illinois,60505,Central,FUR-CH-10001215,Furniture,£701.37,6,£700.42,"£4,208.23","£4,202.52",£5.71
659,US-2017-156097,09/19/2017,2017,Sep,Qtr3,Same Day,EH-14125,Eugene,Hildebrand,Home Office,United States,Aurora,Illinois,60505,Central,OFF-BI-10004654,Office Supplies,£2.31,6,£1.71,£13.85,£10.26,£3.59
660,CA-2016-146563,08/24/2016,2016,Aug,Qtr3,Standard Class,CB-12025,Cassandra,Brandow,Consumer,United States,Arlington,Texas,76017,Central,OFF-ST-10001490,Office Supplies,£999.43,7,£998.53,"£6,996.02","£6,989.71",£6.31
661,CA-2016-146563,08/24/2016,2016,Aug,Qtr3,Standard Class,CB-12025,Cassandra,Brandow,Consumer,United States,Arlington,Texas,76017,Central,OFF-ST-10001511,Office Supplies,£724.08,7,£723.22,"£5,068.56","£5,062.54",£6.02
662,CA-2016-146563,08/24/2016,2016,Aug,Qtr3,Standard Class,CB-12025,Cassandra,Brandow,Consumer,United States,Arlington,Texas,76017,Central,FUR-TA-10001768,Furniture,£918.79,7,£917.93,"£6,431.50","£6,425.51",£5.99
663,CA-2016-146563,08/24/2016,2016,Aug,Qtr3,Standard Class,CB-12025,Cassandra,Brandow,Consumer,United States,Arlington,Texas,76017,Central,OFF-BI-10003981,Office Supplies,£2.72,7,£2.25,£19.07,£15.75,£3.32
664,CA-2017-123666,03/26/2017,2017,Mar,Qtr1,Standard Class,SP-20545,Sibella,Parks,Corporate,United States,New York City,New York,10011,East,OFF-ST-10001522,Office Supplies,£459.95,1,£459.05,£459.95,£459.05,£0.90
665,CA-2017-143308,04/11/2017,2017,Apr,Qtr2,Same Day,RC-19825,Roy,Collins,Consumer,United States,Louisville,Kentucky,40214,South,OFF-FA-10000621,Office Supplies,£10.74,4,£10.20,£42.96,£40.80,£2.16
666,CA-2018-132682,08/06/2018,2018,Aug,Qtr3,Second Class,TH-21235,Tiffany,House,Corporate,United States,Dallas,Texas,75081,Central,OFF-SU-10004231,Office Supplies,£23.76,7,£23.17,£166.32,£162.19,£4.13
667,CA-2018-132682,08/06/2018,2018,Aug,Qtr3,Second Class,TH-21235,Tiffany,House,Corporate,United States,Dallas,Texas,75081,Central,OFF-PA-10000474,Office Supplies,£85.06,7,£84.29,£595.39,£590.03,£5.36
668,CA-2018-132682,08/06/2018,2018,Aug,Qtr3,Second Class,TH-21235,Tiffany,House,Corporate,United States,Dallas,Texas,75081,Central,TEC-PH-10004042,Technology,£381.58,7,£380.78,"£2,671.03","£2,665.46",£5.57
669,CA-2015-156314,12/24/2015,2015,Dec,Qtr4,First Class,RP-19390,Resi,Pölking,Consumer,United States,Cleveland,Ohio,44105,East,FUR-FU-10003096,Furniture,£30.36,4,£29.57,£121.44,£118.28,£3.16
670,US-2018-106663,09/06/2018,2018,Sep,Qtr3,Standard Class,MO-17800,Meg,O'Connel,Home Office,United States,Chicago,Illinois,60653,Central,FUR-FU-10002759,Furniture,£23.98,6,£23.68,£143.86,£142.08,£1.78
671,US-2018-106663,09/06/2018,2018,Sep,Qtr3,Standard Class,MO-17800,Meg,O'Connel,Home Office,United States,Chicago,Illinois,60653,Central,FUR-TA-10000688,Furniture,£108.93,6,£108.54,£653.55,£651.24,£2.31
672,US-2018-106663,09/06/2018,2018,Sep,Qtr3,Standard Class,MO-17800,Meg,O'Connel,Home Office,United States,Chicago,Illinois,60653,Central,OFF-PA-10002377,Office Supplies,£36.35,6,£36.08,£218.11,£216.48,£1.63
673,CA-2018-111178,06/15/2018,2018,Jun,Qtr2,Standard Class,TD-20995,Tamara,Dahlen,Consumer,United States,Quincy,Illinois,62301,Central,OFF-AR-10001954,Office Supplies,£19.56,6,£18.66,£117.36,£111.96,£5.40
674,CA-2018-130351,05/12/2018,2018,May,Qtr2,First Class,RB-19570,Rob,Beeghly,Consumer,United States,Columbus,Indiana,47201,Central,OFF-AP-10004532,Office Supplies,£61.44,4,£60.91,£245.76,£243.64,£2.12
675,CA-2018-130351,05/12/2018,2018,May,Qtr2,First Class,RB-19570,Rob,Beeghly,Consumer,United States,Columbus,Indiana,47201,Central,OFF-PA-10002137,Office Supplies,£38.90,4,£38.10,£155.60,£152.40,£3.20
676,CA-2018-130351,05/12/2018,2018,May,Qtr2,First Class,RB-19570,Rob,Beeghly,Consumer,United States,Columbus,Indiana,47201,Central,TEC-AC-10003832,Technology,£99.39,4,£99.38,£397.56,£397.52,£0.04
677,US-2018-119438,03/18/2018,2018,Mar,Qtr1,Standard Class,CD-11980,Carol,Darley,Consumer,United States,Tyler,Texas,75701,Central,OFF-AP-10000804,Office Supplies,£2.69,7,£2.55,£18.82,£17.85,£0.97
678,US-2018-119438,03/18/2018,2018,Mar,Qtr1,Standard Class,CD-11980,Carol,Darley,Consumer,United States,Tyler,Texas,75701,Central,TEC-AC-10003614,Technology,£27.82,7,£26.86,£194.71,£188.02,£6.69
679,US-2018-119438,03/18/2018,2018,Mar,Qtr1,Standard Class,CD-11980,Carol,Darley,Consumer,United States,Tyler,Texas,75701,Central,FUR-FU-10003553,Furniture,£82.52,7,£82.06,£577.67,£574.42,£3.25
680,US-2018-119438,03/18/2018,2018,Mar,Qtr1,Standard Class,CD-11980,Carol,Darley,Consumer,United States,Tyler,Texas,75701,Central,OFF-BI-10004632,Office Supplies,£182.99,7,£182.04,"£1,280.96","£1,274.28",£6.68
681,CA-2017-164511,11/19/2017,2017,Nov,Qtr4,Standard Class,DJ-13630,Doug,Jacobs,Consumer,United States,New York City,New York,10024,East,OFF-BI-10003305,Office Supplies,£14.35,1,£14.01,£14.35,£14.01,£0.34
682,CA-2017-164511,11/19/2017,2017,Nov,Qtr4,Standard Class,DJ-13630,Doug,Jacobs,Consumer,United States,New York City,New York,10024,East,OFF-ST-10002583,Office Supplies,£64.96,1,£64.55,£64.96,£64.55,£0.41
683,CA-2017-164511,11/19/2017,2017,Nov,Qtr4,Standard Class,DJ-13630,Doug,Jacobs,Consumer,United States,New York City,New York,10024,East,OFF-ST-10004507,Office Supplies,£68.60,1,£68.47,£68.60,£68.47,£0.13
684,US-2018-168116,04/11/2018,2018,Apr,Qtr2,Same Day,GT-14635,Grant,Thornton,Corporate,United States,Burlington,North Carolina,27217,South,TEC-MA-10004125,Technology,"£7,999.98",2,"£7,999.04","£15,999.96","£15,998.08",£1.88
685,US-2018-168116,04/11/2018,2018,Apr,Qtr2,Same Day,GT-14635,Grant,Thornton,Corporate,United States,Burlington,North Carolina,27217,South,OFF-AP-10002457,Office Supplies,£167.44,2,£167.12,£334.88,£334.24,£0.64
686,CA-2015-157784,05/07/2015,2015,May,Qtr2,First Class,MC-17845,Michael,Chen,Consumer,United States,Jackson,Mississippi,39212,South,TEC-AC-10003911,Technology,£479.97,3,£479.40,"£1,439.91","£1,438.20",£1.71
687,CA-2015-157784,05/07/2015,2015,May,Qtr2,First Class,MC-17845,Michael,Chen,Consumer,United States,Jackson,Mississippi,39212,South,OFF-LA-10001934,Office Supplies,£14.62,3,£13.95,£43.86,£41.85,£2.01
688,CA-2015-157784,05/07/2015,2015,May,Qtr2,First Class,MC-17845,Michael,Chen,Consumer,United States,Jackson,Mississippi,39212,South,OFF-PA-10000304,Office Supplies,£19.44,3,£19.38,£58.32,£58.14,£0.18
689,CA-2018-161480,12/25/2018,2018,Dec,Qtr4,Standard Class,RA-19285,Ralph,Arnett,Consumer,United States,New York City,New York,10035,East,FUR-BO-10004015,Furniture,£191.98,1,£191.73,£191.98,£191.73,£0.25
690,US-2015-117135,06/21/2015,2015,Jun,Qtr2,Second Class,NP-18325,Naresj,Patel,Consumer,United States,Waynesboro,Virginia,22980,South,FUR-FU-10004071,Furniture,£104.01,2,£103.23,£208.02,£206.46,£1.56
691,US-2015-117135,06/21/2015,2015,Jun,Qtr2,Second Class,NP-18325,Naresj,Patel,Consumer,United States,Waynesboro,Virginia,22980,South,TEC-PH-10002033,Technology,£284.82,2,£284.30,£569.64,£568.60,£1.04
692,US-2015-117135,06/21/2015,2015,Jun,Qtr2,Second Class,NP-18325,Naresj,Patel,Consumer,United States,Waynesboro,Virginia,22980,South,OFF-ST-10002444,Office Supplies,£36.84,2,£35.94,£73.68,£71.88,£1.80
693,CA-2016-131534,03/28/2016,2016,Mar,Qtr1,Standard Class,AB-10165,Alan,Barnes,Consumer,United States,Los Angeles,California,90036,West,TEC-AC-10002253,Technology,£166.24,9,£166.08,"£1,496.16","£1,494.72",£1.44
694,CA-2016-131534,03/28/2016,2016,Mar,Qtr1,Standard Class,AB-10165,Alan,Barnes,Consumer,United States,Los Angeles,California,90036,West,OFF-PA-10000743,Office Supplies,£33.40,9,£33.38,£300.60,£300.42,£0.18
695,CA-2016-119291,05/14/2016,2016,May,Qtr2,First Class,JO-15550,Jesus,Ocampo,Home Office,United States,Chester,Pennsylvania,19013,East,OFF-AR-10003373,Office Supplies,£198.27,1,£197.32,£198.27,£197.32,£0.95
696,CA-2016-119291,05/14/2016,2016,May,Qtr2,First Class,JO-15550,Jesus,Ocampo,Home Office,United States,Chester,Pennsylvania,19013,East,OFF-LA-10002312,Office Supplies,£47.36,1,£47.31,£47.36,£47.31,£0.05
697,CA-2016-119291,05/14/2016,2016,May,Qtr2,First Class,JO-15550,Jesus,Ocampo,Home Office,United States,Chester,Pennsylvania,19013,East,OFF-EN-10000927,Office Supplies,£200.98,1,£200.57,£200.98,£200.57,£0.41
698,CA-2016-119291,05/14/2016,2016,May,Qtr2,First Class,JO-15550,Jesus,Ocampo,Home Office,United States,Chester,Pennsylvania,19013,East,OFF-LA-10003510,Office Supplies,£97.70,1,£97.58,£97.70,£97.58,£0.12
699,CA-2016-119291,05/14/2016,2016,May,Qtr2,First Class,JO-15550,Jesus,Ocampo,Home Office,United States,Chester,Pennsylvania,19013,East,OFF-AR-10001118,Office Supplies,£2.70,1,£2.67,£2.70,£2.67,£0.03
700,CA-2016-119291,05/14/2016,2016,May,Qtr2,First Class,JO-15550,Jesus,Ocampo,Home Office,United States,Chester,Pennsylvania,19013,East,OFF-BI-10001575,Office Supplies,£18.59,1,£18.00,£18.59,£18.00,£0.59
701,CA-2016-119291,05/14/2016,2016,May,Qtr2,First Class,JO-15550,Jesus,Ocampo,Home Office,United States,Chester,Pennsylvania,19013,East,OFF-BI-10001982,Office Supplies,£4.90,1,£4.29,£4.90,£4.29,£0.61
702,CA-2018-114552,02/09/2018,2018,Feb,Qtr1,Standard Class,Dl-13600,Dorris,liebe,Corporate,United States,Cleveland,Ohio,44105,East,FUR-FU-10002960,Furniture,£15.07,4,£15.04,£60.29,£60.16,£0.13
703,CA-2017-163755,04/11/2017,2017,Apr,Qtr2,Second Class,AS-10285,Alejandro,Savely,Corporate,United States,Seattle,Washington,98103,West,FUR-FU-10003394,Furniture,£209.88,9,£209.67,"£1,888.92","£1,887.03",£1.89
704,CA-2016-142027,09/04/2016,2016,Sep,Qtr3,Standard Class,JK-15370,Jay,Kimmel,Consumer,United States,Long Beach,California,90805,West,FUR-TA-10002774,Furniture,£369.91,9,£369.25,"£3,329.21","£3,323.25",£5.96
705,CA-2015-138527,12/09/2015,2015,Dec,Qtr4,Standard Class,BN-11470,Brad,Norvell,Corporate,United States,Cary,North Carolina,27511,South,OFF-PA-10001800,Office Supplies,£10.37,2,£10.13,£20.74,£20.26,£0.48
706,CA-2015-138527,12/09/2015,2015,Dec,Qtr4,Standard Class,BN-11470,Brad,Norvell,Corporate,United States,Cary,North Carolina,27511,South,OFF-AP-10001469,Office Supplies,£166.84,2,£166.37,£333.68,£332.74,£0.94
707,CA-2015-138527,12/09/2015,2015,Dec,Qtr4,Standard Class,BN-11470,Brad,Norvell,Corporate,United States,Cary,North Carolina,27511,South,TEC-AC-10002399,Technology,£15.22,2,£14.91,£30.43,£29.82,£0.61
708,CA-2015-112158,02/12/2015,2015,Feb,Qtr1,First Class,DP-13165,David,Philippe,Consumer,United States,New York City,New York,10035,East,TEC-AC-10003628,Technology,£119.96,1,£119.88,£119.96,£119.88,£0.08
709,CA-2015-112158,02/12/2015,2015,Feb,Qtr1,First Class,DP-13165,David,Philippe,Consumer,United States,New York City,New York,10035,East,FUR-BO-10003272,Furniture,£883.92,1,£883.73,£883.92,£883.73,£0.19
710,CA-2015-112158,02/12/2015,2015,Feb,Qtr1,First Class,DP-13165,David,Philippe,Consumer,United States,New York City,New York,10035,East,OFF-BI-10000050,Office Supplies,£46.72,1,£46.15,£46.72,£46.15,£0.57
711,CA-2015-113887,05/04/2015,2015,May,Qtr2,First Class,TH-21550,Tracy,Hopkins,Home Office,United States,New York City,New York,10035,East,OFF-PA-10004071,Office Supplies,£55.48,1,£55.03,£55.48,£55.03,£0.45
712,CA-2018-146136,03/09/2018,2018,Mar,Qtr1,Standard Class,AP-10915,Arthur,Prichep,Consumer,United States,Palm Coast,Florida,32137,South,OFF-EN-10001219,Office Supplies,£24.45,3,£24.28,£73.34,£72.84,£0.50
713,US-2018-100048,05/19/2018,2018,May,Qtr2,Standard Class,RS-19765,Roland,Schwarz,Corporate,United States,Mount Vernon,New York,10550,East,OFF-AP-10001154,Office Supplies,£281.34,1,£280.52,£281.34,£280.52,£0.82
714,US-2018-100048,05/19/2018,2018,May,Qtr2,Standard Class,RS-19765,Roland,Schwarz,Corporate,United States,Mount Vernon,New York,10550,East,TEC-PH-10003012,Technology,£307.98,1,£307.20,£307.98,£307.20,£0.78
715,US-2018-100048,05/19/2018,2018,May,Qtr2,Standard Class,RS-19765,Roland,Schwarz,Corporate,United States,Mount Vernon,New York,10550,East,TEC-AC-10001606,Technology,£299.97,1,£299.73,£299.97,£299.73,£0.24
716,CA-2015-153150,01/07/2015,2015,Jan,Qtr1,Second Class,Dl-13600,Dorris,liebe,Corporate,United States,Seattle,Washington,98105,West,OFF-BI-10003355,Office Supplies,£19.92,9,£19.36,£179.28,£174.24,£5.04
717,CA-2015-130092,11/01/2015,2015,Nov,Qtr4,First Class,SV-20365,Seth,Vernon,Consumer,United States,Dover,Delaware,19901,East,FUR-FU-10000010,Furniture,£9.94,1,£8.98,£9.94,£8.98,£0.96
718,CA-2018-108910,09/24/2018,2018,Sep,Qtr3,Standard Class,KC-16540,Kelly,Collister,Consumer,United States,Newark,Ohio,43055,East,FUR-FU-10002253,Furniture,£103.06,4,£102.11,£412.22,£408.44,£3.78
719,CA-2015-104472,02/06/2015,2015,Feb,Qtr1,Standard Class,CK-12325,Christine,Kargatis,Home Office,United States,Orem,Utah,84057,West,OFF-BI-10001658,Office Supplies,£59.81,8,£59.78,£478.46,£478.24,£0.22
720,CA-2015-104472,02/06/2015,2015,Feb,Qtr1,Standard Class,CK-12325,Christine,Kargatis,Home Office,United States,Orem,Utah,84057,West,FUR-FU-10000246,Furniture,£73.32,8,£72.32,£586.56,£578.56,£8.00
721,CA-2017-112942,02/13/2017,2017,Feb,Qtr1,Standard Class,RD-19810,Ross,DeVincentis,Home Office,United States,Los Angeles,California,90045,West,OFF-PA-10004092,Office Supplies,£146.82,9,£146.01,"£1,321.38","£1,314.09",£7.29
722,CA-2017-142335,12/15/2017,2017,Dec,Qtr4,Standard Class,MP-17965,Michael,Paige,Corporate,United States,Detroit,Michigan,48205,Central,FUR-TA-10000198,Furniture,"£1,652.94",4,"£1,652.21","£6,611.76","£6,608.84",£2.92
723,CA-2017-142335,12/15/2017,2017,Dec,Qtr4,Standard Class,MP-17965,Michael,Paige,Corporate,United States,Detroit,Michigan,48205,Central,OFF-ST-10000036,Office Supplies,£296.37,4,£296.27,"£1,185.48","£1,185.08",£0.40
724,CA-2015-117429,07/10/2015,2015,Jul,Qtr3,Standard Class,MR-17545,Mathew,Reese,Home Office,United States,Philadelphia,Pennsylvania,19140,East,FUR-FU-10000222,Furniture,£129.92,1,£129.89,£129.92,£129.89,£0.03
725,CA-2017-114713,07/07/2017,2017,Jul,Qtr3,Standard Class,SC-20695,Steve,Chapman,Corporate,United States,Hialeah,Florida,33012,South,OFF-SU-10004664,Office Supplies,£45.58,3,£45.23,£136.75,£135.69,£1.06
726,CA-2018-144113,09/16/2018,2018,Sep,Qtr3,Standard Class,JF-15355,Jay,Fein,Consumer,United States,Austin,Texas,78745,Central,OFF-EN-10001141,Office Supplies,£17.57,7,£17.21,£122.98,£120.47,£2.51
727,CA-2018-144113,09/16/2018,2018,Sep,Qtr3,Standard Class,JF-15355,Jay,Fein,Consumer,United States,Austin,Texas,78745,Central,TEC-PH-10002170,Technology,£55.99,7,£55.22,£391.94,£386.54,£5.40
728,US-2017-150861,03/12/2017,2017,Mar,Qtr1,First Class,EG-13900,Emily,Grady,Consumer,United States,Oceanside,New York,11572,East,OFF-PA-10001954,Office Supplies,£182.72,1,£182.70,£182.72,£182.70,£0.02
729,US-2017-150861,03/12/2017,2017,Mar,Qtr1,First Class,EG-13900,Emily,Grady,Consumer,United States,Oceanside,New York,11572,East,FUR-TA-10002228,Furniture,£400.03,1,£399.48,£400.03,£399.48,£0.55
730,US-2017-150861,03/12/2017,2017,Mar,Qtr1,First Class,EG-13900,Emily,Grady,Consumer,United States,Oceanside,New York,11572,East,OFF-ST-10004634,Office Supplies,£33.63,1,£33.16,£33.63,£33.16,£0.47
731,US-2017-150861,03/12/2017,2017,Mar,Qtr1,First Class,EG-13900,Emily,Grady,Consumer,United States,Oceanside,New York,11572,East,FUR-CH-10002965,Furniture,£542.65,1,£542.23,£542.65,£542.23,£0.42
732,US-2017-150861,03/12/2017,2017,Mar,Qtr1,First Class,EG-13900,Emily,Grady,Consumer,United States,Oceanside,New York,11572,East,OFF-LA-10001317,Office Supplies,£6.30,1,£5.34,£6.30,£5.34,£0.96
733,CA-2018-131954,01/21/2018,2018,Jan,Qtr1,Standard Class,DS-13030,Darrin,Sayre,Home Office,United States,Seattle,Washington,98115,West,OFF-ST-10000736,Office Supplies,£242.94,9,£242.41,"£2,186.46","£2,181.69",£4.77
734,CA-2018-131954,01/21/2018,2018,Jan,Qtr1,Standard Class,DS-13030,Darrin,Sayre,Home Office,United States,Seattle,Washington,98115,West,TEC-AC-10003610,Technology,£179.97,9,£179.08,"£1,619.73","£1,611.72",£8.01
735,CA-2018-131954,01/21/2018,2018,Jan,Qtr1,Standard Class,DS-13030,Darrin,Sayre,Home Office,United States,Seattle,Washington,98115,West,OFF-BI-10003982,Office Supplies,£99.70,9,£99.66,£897.26,£896.94,£0.32
736,CA-2018-131954,01/21/2018,2018,Jan,Qtr1,Standard Class,DS-13030,Darrin,Sayre,Home Office,United States,Seattle,Washington,98115,West,OFF-BI-10003291,Office Supplies,£27.94,9,£27.72,£251.42,£249.48,£1.94
737,CA-2018-131954,01/21/2018,2018,Jan,Qtr1,Standard Class,DS-13030,Darrin,Sayre,Home Office,United States,Seattle,Washington,98115,West,FUR-BO-10001619,Furniture,£84.98,9,£84.26,£764.82,£758.34,£6.48
738,CA-2018-131954,01/21/2018,2018,Jan,Qtr1,Standard Class,DS-13030,Darrin,Sayre,Home Office,United States,Seattle,Washington,98115,West,OFF-BI-10000138,Office Supplies,£18.72,9,£17.91,£168.48,£161.19,£7.29
739,CA-2015-132500,08/09/2015,2015,Aug,Qtr3,Standard Class,GZ-14470,Gary,Zandusky,Consumer,United States,San Francisco,California,94110,West,TEC-AC-10001383,Technology,£49.98,9,£49.18,£449.82,£442.62,£7.20
740,CA-2015-112326,04/01/2015,2015,Apr,Qtr2,Standard Class,PO-19195,Phillina,Ober,Home Office,United States,Naperville,Illinois,60540,Central,OFF-LA-10003223,Office Supplies,£11.78,6,£10.79,£70.70,£64.74,£5.96
741,CA-2015-112326,04/01/2015,2015,Apr,Qtr2,Standard Class,PO-19195,Phillina,Ober,Home Office,United States,Naperville,Illinois,60540,Central,OFF-ST-10002743,Office Supplies,£272.74,6,£271.79,"£1,636.42","£1,630.74",£5.68
742,CA-2015-112326,04/01/2015,2015,Apr,Qtr2,Standard Class,PO-19195,Phillina,Ober,Home Office,United States,Naperville,Illinois,60540,Central,OFF-BI-10004094,Office Supplies,£3.54,6,£3.11,£21.24,£18.66,£2.58
743,US-2017-146710,08/27/2017,2017,Aug,Qtr3,Standard Class,SS-20875,Sung,Shariari,Consumer,United States,Dallas,Texas,75220,Central,OFF-SU-10004498,Office Supplies,£51.52,7,£51.13,£360.64,£357.91,£2.73
744,US-2017-146710,08/27/2017,2017,Aug,Qtr3,Standard Class,SS-20875,Sung,Shariari,Consumer,United States,Dallas,Texas,75220,Central,OFF-PA-10002615,Office Supplies,£3.53,7,£3.36,£24.70,£23.52,£1.18
745,US-2017-146710,08/27/2017,2017,Aug,Qtr3,Standard Class,SS-20875,Sung,Shariari,Consumer,United States,Dallas,Texas,75220,Central,OFF-PA-10004971,Office Supplies,£4.62,7,£4.00,£32.37,£28.00,£4.37
746,US-2017-146710,08/27/2017,2017,Aug,Qtr3,Standard Class,SS-20875,Sung,Shariari,Consumer,United States,Dallas,Texas,75220,Central,OFF-SU-10004261,Office Supplies,£55.17,7,£54.91,£386.18,£384.37,£1.81
747,CA-2015-124429,05/27/2015,2015,May,Qtr2,Same Day,MH-17785,Maya,Herman,Corporate,United States,San Diego,California,92105,West,FUR-TA-10002607,Furniture,£567.12,9,£566.93,"£5,104.08","£5,102.37",£1.71
748,CA-2015-124429,05/27/2015,2015,May,Qtr2,Same Day,MH-17785,Maya,Herman,Corporate,United States,San Diego,California,92105,West,OFF-ST-10001809,Office Supplies,£359.32,9,£358.74,"£3,233.88","£3,228.66",£5.22
749,CA-2017-150889,03/20/2017,2017,Mar,Qtr1,Second Class,PB-19105,Peter,Bühler,Consumer,United States,Evanston,Illinois,60201,Central,TEC-PH-10000004,Technology,£11.99,6,£11.93,£71.95,£71.58,£0.37
750,CA-2018-126074,02/10/2018,2018,Feb,Qtr1,Standard Class,RF-19735,Roland,Fjeld,Consumer,United States,Trenton,Michigan,48183,Central,OFF-BI-10003638,Office Supplies,£58.05,4,£57.83,£232.20,£231.32,£0.88
751,CA-2018-126074,02/10/2018,2018,Feb,Qtr1,Standard Class,RF-19735,Roland,Fjeld,Consumer,United States,Trenton,Michigan,48183,Central,FUR-FU-10003577,Furniture,£157.74,4,£157.37,£630.96,£629.48,£1.48
752,CA-2018-126074,02/10/2018,2018,Feb,Qtr1,Standard Class,RF-19735,Roland,Fjeld,Consumer,United States,Trenton,Michigan,48183,Central,OFF-AR-10003478,Office Supplies,£56.98,4,£56.82,£227.92,£227.28,£0.64
753,CA-2018-126074,02/10/2018,2018,Feb,Qtr1,Standard Class,RF-19735,Roland,Fjeld,Consumer,United States,Trenton,Michigan,48183,Central,OFF-BI-10000546,Office Supplies,£2.88,4,£2.50,£11.52,£10.00,£1.52
754,CA-2017-110499,07/04/2017,2017,Jul,Qtr3,First Class,YC-21895,Yoseph,Carroll,Corporate,United States,San Francisco,California,94110,West,TEC-CO-10002095,Technology,"£1,199.98",9,"£1,199.70","£10,799.78","£10,797.30",£2.48
755,CA-2016-135272,07/12/2016,2016,Jul,Qtr3,Standard Class,MS-17830,Melanie,Seite,Consumer,United States,Los Angeles,California,90036,West,FUR-FU-10002759,Furniture,£79.92,9,£79.91,£719.28,£719.19,£0.09
756,CA-2017-140928,09/18/2017,2017,Sep,Qtr3,Standard Class,NB-18655,Nona,Balk,Corporate,United States,Jacksonville,Florida,32216,South,FUR-TA-10001095,Furniture,£383.44,3,£382.77,"£1,150.31","£1,148.31",£2.00
757,CA-2015-106803,12/29/2015,2015,Dec,Qtr4,Standard Class,DC-13285,Debra,Catini,Consumer,United States,Cottage Grove,Minnesota,55016,Central,OFF-ST-10002444,Office Supplies,£24.56,5,£24.04,£122.80,£120.20,£2.60
758,CA-2015-106803,12/29/2015,2015,Dec,Qtr4,Standard Class,DC-13285,Debra,Catini,Consumer,United States,Cottage Grove,Minnesota,55016,Central,TEC-AC-10001267,Technology,£119.80,5,£119.40,£599.00,£597.00,£2.00
759,CA-2018-117240,07/23/2018,2018,Jul,Qtr3,Standard Class,CP-12340,Christine,Phan,Corporate,United States,New York City,New York,10009,East,OFF-BI-10000848,Office Supplies,£13.13,1,£13.04,£13.13,£13.04,£0.09
760,CA-2018-133333,09/18/2018,2018,Sep,Qtr3,Standard Class,BF-11020,Barry,Französisch,Corporate,United States,Green Bay,Wisconsin,54302,Central,OFF-PA-10002377,Office Supplies,£22.72,5,£22.70,£113.60,£113.50,£0.10
761,CA-2016-112319,08/31/2016,2016,Aug,Qtr3,Standard Class,AR-10510,Andrew,Roberts,Consumer,United States,Los Angeles,California,90004,West,OFF-PA-10003441,Office Supplies,£58.32,9,£58.08,£524.88,£522.72,£2.16
762,CA-2018-126046,03/11/2018,2018,Mar,Qtr1,Standard Class,JC-16105,Julie,Creighton,Corporate,United States,Atlanta,Georgia,30318,South,OFF-LA-10004484,Office Supplies,£12.39,3,£11.81,£37.17,£35.43,£1.74
763,CA-2016-114923,08/02/2016,2016,Aug,Qtr3,Standard Class,LH-17020,Lisa,Hazard,Consumer,United States,Columbus,Ohio,43229,East,TEC-PH-10003931,Technology,£107.98,4,£107.03,£431.93,£428.12,£3.81
764,CA-2015-162775,01/13/2015,2015,Jan,Qtr1,Second Class,CS-12250,Chris,Selesnick,Corporate,United States,Bossier City,Louisiana,71111,South,OFF-EN-10001990,Office Supplies,£11.36,7,£10.46,£79.52,£73.22,£6.30
765,CA-2015-162775,01/13/2015,2015,Jan,Qtr1,Second Class,CS-12250,Chris,Selesnick,Corporate,United States,Bossier City,Louisiana,71111,South,OFF-EN-10001532,Office Supplies,£50.94,7,£50.37,£356.58,£352.59,£3.99
766,CA-2015-162775,01/13/2015,2015,Jan,Qtr1,Second Class,CS-12250,Chris,Selesnick,Corporate,United States,Bossier City,Louisiana,71111,South,TEC-AC-10003174,Technology,£646.74,7,£646.38,"£4,527.18","£4,524.66",£2.52
767,CA-2015-162775,01/13/2015,2015,Jan,Qtr1,Second Class,CS-12250,Chris,Selesnick,Corporate,United States,Bossier City,Louisiana,71111,South,OFF-BI-10004187,Office Supplies,£5.64,7,£4.98,£39.48,£34.86,£4.62
768,CA-2015-162775,01/13/2015,2015,Jan,Qtr1,Second Class,CS-12250,Chris,Selesnick,Corporate,United States,Bossier City,Louisiana,71111,South,OFF-ST-10000025,Office Supplies,£572.58,7,£572.37,"£4,008.06","£4,006.59",£1.47
769,CA-2015-106810,05/14/2015,2015,May,Qtr2,Standard Class,AJ-10795,Anthony,Johnson,Corporate,United States,Saint Petersburg,Florida,33710,South,FUR-FU-10004306,Furniture,£310.88,3,£310.63,£932.64,£931.89,£0.75
770,CA-2017-157245,05/19/2017,2017,May,Qtr2,Standard Class,LE-16810,Laurel,Elliston,Consumer,United States,Arlington,Virginia,22204,South,FUR-CH-10003746,Furniture,£641.96,2,£641.65,"£1,283.92","£1,283.30",£0.62
771,CA-2018-104220,01/30/2018,2018,Jan,Qtr1,Standard Class,BV-11245,Benjamin,Venier,Corporate,United States,Des Moines,Iowa,50315,Central,OFF-BI-10001036,Office Supplies,£18.28,5,£17.68,£91.40,£88.40,£3.00
772,CA-2018-104220,01/30/2018,2018,Jan,Qtr1,Standard Class,BV-11245,Benjamin,Venier,Corporate,United States,Des Moines,Iowa,50315,Central,TEC-PH-10004614,Technology,£207.00,5,£206.73,"£1,035.00","£1,033.65",£1.35
773,CA-2018-104220,01/30/2018,2018,Jan,Qtr1,Standard Class,BV-11245,Benjamin,Venier,Corporate,United States,Des Moines,Iowa,50315,Central,OFF-BI-10000301,Office Supplies,£32.35,5,£31.87,£161.75,£159.35,£2.40
774,CA-2018-104220,01/30/2018,2018,Jan,Qtr1,Standard Class,BV-11245,Benjamin,Venier,Corporate,United States,Des Moines,Iowa,50315,Central,OFF-BI-10003910,Office Supplies,£7.71,5,£6.77,£38.55,£33.85,£4.70
775,CA-2018-104220,01/30/2018,2018,Jan,Qtr1,Standard Class,BV-11245,Benjamin,Venier,Corporate,United States,Des Moines,Iowa,50315,Central,OFF-AR-10004648,Office Supplies,£40.30,5,£39.34,£201.50,£196.70,£4.80
776,CA-2018-104220,01/30/2018,2018,Jan,Qtr1,Standard Class,BV-11245,Benjamin,Venier,Corporate,United States,Des Moines,Iowa,50315,Central,FUR-FU-10002597,Furniture,£34.58,5,£33.95,£172.90,£169.75,£3.15
777,CA-2015-165974,06/29/2015,2015,Jun,Qtr2,Standard Class,DL-12865,Dan,Lawera,Consumer,United States,Cincinnati,Ohio,45231,East,OFF-AR-10003405,Office Supplies,£32.76,4,£32.50,£131.04,£130.00,£1.04
778,CA-2016-144267,08/21/2016,2016,Aug,Qtr3,First Class,NZ-18565,Nick,Zandusky,Home Office,United States,San Francisco,California,94110,West,FUR-CH-10002335,Furniture,£544.01,9,£543.32,"£4,896.07","£4,889.88",£6.19
779,CA-2016-144267,08/21/2016,2016,Aug,Qtr3,First Class,NZ-18565,Nick,Zandusky,Home Office,United States,San Francisco,California,94110,West,OFF-PA-10000157,Office Supplies,£59.94,9,£59.49,£539.46,£535.41,£4.05
780,CA-2016-144267,08/21/2016,2016,Aug,Qtr3,First Class,NZ-18565,Nick,Zandusky,Home Office,United States,San Francisco,California,94110,West,OFF-PA-10001947,Office Supplies,£23.92,9,£23.61,£215.28,£212.49,£2.79
781,CA-2016-144267,08/21/2016,2016,Aug,Qtr3,First Class,NZ-18565,Nick,Zandusky,Home Office,United States,San Francisco,California,94110,West,OFF-PA-10003657,Office Supplies,£4.28,9,£4.07,£38.52,£36.63,£1.89
782,US-2016-157014,03/10/2016,2016,Mar,Qtr1,Second Class,BM-11785,Bryan,Mills,Consumer,United States,Columbus,Ohio,43229,East,OFF-BI-10001098,Office Supplies,£32.07,4,£31.46,£128.28,£125.84,£2.44
783,US-2016-157014,03/10/2016,2016,Mar,Qtr1,Second Class,BM-11785,Bryan,Mills,Consumer,United States,Columbus,Ohio,43229,East,TEC-AC-10002167,Technology,£24.00,4,£23.28,£96.00,£93.12,£2.88
784,US-2016-157014,03/10/2016,2016,Mar,Qtr1,Second Class,BM-11785,Bryan,Mills,Consumer,United States,Columbus,Ohio,43229,East,FUR-BO-10004409,Furniture,£35.49,4,£34.93,£141.96,£139.72,£2.24
785,US-2016-157014,03/10/2016,2016,Mar,Qtr1,Second Class,BM-11785,Bryan,Mills,Consumer,United States,Columbus,Ohio,43229,East,TEC-AC-10000057,Technology,£47.98,4,£46.99,£191.94,£187.96,£3.98
786,CA-2016-154921,05/23/2016,2016,May,Qtr2,Standard Class,EA-14035,Erin,Ashbrook,Corporate,United States,Columbia,South Carolina,29203,South,OFF-EN-10000056,Office Supplies,£186.69,2,£185.95,£373.38,£371.90,£1.48
787,CA-2018-129567,03/17/2018,2018,Mar,Qtr1,Second Class,CL-12565,Clay,Ludtke,Consumer,United States,Lancaster,California,93534,West,OFF-BI-10000014,Office Supplies,£17.46,9,£16.96,£157.10,£152.64,£4.46
788,CA-2016-154620,12/12/2016,2016,Dec,Qtr4,Standard Class,LT-17110,Liz,Thompson,Consumer,United States,Lancaster,California,93534,West,FUR-CH-10004675,Furniture,£348.93,9,£348.61,"£3,140.35","£3,137.49",£2.86
789,CA-2016-115938,06/26/2016,2016,Jun,Qtr2,Standard Class,SA-20830,Sue,Ann,Consumer,United States,Richmond,Virginia,23223,South,OFF-BI-10001543,Office Supplies,£143.96,2,£143.01,£287.92,£286.02,£1.90
790,CA-2016-115938,06/26/2016,2016,Jun,Qtr2,Standard Class,SA-20830,Sue,Ann,Consumer,United States,Richmond,Virginia,23223,South,OFF-ST-10001321,Office Supplies,£15.42,2,£14.80,£30.84,£29.60,£1.24
791,CA-2016-115938,06/26/2016,2016,Jun,Qtr2,Standard Class,SA-20830,Sue,Ann,Consumer,United States,Richmond,Virginia,23223,South,OFF-BI-10001132,Office Supplies,£43.04,2,£42.63,£86.08,£85.26,£0.82
792,CA-2016-115938,06/26/2016,2016,Jun,Qtr2,Standard Class,SA-20830,Sue,Ann,Consumer,United States,Richmond,Virginia,23223,South,FUR-CH-10003199,Furniture,£332.94,2,£332.22,£665.88,£664.44,£1.44
793,CA-2017-105256,05/20/2017,2017,May,Qtr2,Same Day,JK-15730,Joe,Kamberova,Consumer,United States,Asheville,North Carolina,28806,South,TEC-PH-10001530,Technology,"£1,363.96",2,"£1,363.48","£2,727.92","£2,726.96",£0.96
794,CA-2015-156433,09/20/2015,2015,Sep,Qtr3,Standard Class,ES-14020,Erica,Smith,Consumer,United States,San Francisco,California,94110,West,OFF-LA-10001569,Office Supplies,£9.96,9,£8.97,£89.64,£80.73,£8.91
795,CA-2015-156433,09/20/2015,2015,Sep,Qtr3,Standard Class,ES-14020,Erica,Smith,Consumer,United States,San Francisco,California,94110,West,OFF-PA-10003724,Office Supplies,£21.72,9,£21.30,£195.48,£191.70,£3.78
796,CA-2018-151428,09/21/2018,2018,Sep,Qtr3,Standard Class,RH-19495,Rick,Hansen,Consumer,United States,Rochester,Minnesota,55901,Central,OFF-BI-10000546,Office Supplies,£20.16,5,£20.03,£100.80,£100.15,£0.65
797,CA-2016-124653,12/24/2016,2016,Dec,Qtr4,First Class,DB-13120,David,Bremer,Corporate,United States,Rochester,New York,14609,East,OFF-PA-10000176,Office Supplies,£132.79,1,£132.09,£132.79,£132.09,£0.70
798,CA-2016-124653,12/24/2016,2016,Dec,Qtr4,First Class,DB-13120,David,Bremer,Corporate,United States,Rochester,New York,14609,East,OFF-PA-10002365,Office Supplies,£12.96,1,£12.50,£12.96,£12.50,£0.46
799,CA-2016-124653,12/24/2016,2016,Dec,Qtr4,First Class,DB-13120,David,Bremer,Corporate,United States,Rochester,New York,14609,East,OFF-LA-10002271,Office Supplies,£21.56,1,£20.78,£21.56,£20.78,£0.78
800,CA-2016-101910,11/27/2016,2016,Nov,Qtr4,Standard Class,CD-11920,Carlos,Daly,Consumer,United States,Lake Elsinore,California,92530,West,FUR-CH-10002647,Furniture,£283.92,9,£282.99,"£2,555.28","£2,546.91",£8.37
801,CA-2018-105809,02/20/2018,2018,Feb,Qtr1,First Class,HW-14935,Helen,Wasserman,Corporate,United States,San Diego,California,92105,West,FUR-FU-10004090,Furniture,£22.23,9,£21.53,£200.07,£193.77,£6.30
802,CA-2018-105809,02/20/2018,2018,Feb,Qtr1,First Class,HW-14935,Helen,Wasserman,Corporate,United States,San Diego,California,92105,West,TEC-PH-10001580,Technology,£215.97,9,£215.54,"£1,943.71","£1,939.86",£3.85
803,CA-2017-136133,08/18/2017,2017,Aug,Qtr3,Second Class,HW-14935,Helen,Wasserman,Corporate,United States,New York City,New York,10024,East,OFF-AP-10000576,Office Supplies,£355.32,1,£354.85,£355.32,£354.85,£0.47
804,CA-2017-115504,12/03/2017,2017,Dec,Qtr4,Standard Class,MC-18130,Mike,Caudle,Corporate,United States,Monroe,Louisiana,71203,South,OFF-PA-10003953,Office Supplies,£12.96,7,£12.70,£90.72,£88.90,£1.82
805,CA-2018-135783,04/22/2018,2018,Apr,Qtr2,First Class,GM-14440,Gary,McGarr,Consumer,United States,San Francisco,California,94122,West,FUR-FU-10000794,Furniture,£18.28,9,£17.56,£164.52,£158.04,£6.48
806,CA-2015-134313,01/11/2015,2015,Jan,Qtr1,Standard Class,RA-19915,Russell,Applegate,Consumer,United States,Denver,Colorado,80219,West,OFF-AR-10001897,Office Supplies,£43.18,8,£42.52,£345.41,£340.16,£5.25
807,CA-2015-134313,01/11/2015,2015,Jan,Qtr1,Standard Class,RA-19915,Russell,Applegate,Consumer,United States,Denver,Colorado,80219,West,TEC-PH-10001795,Technology,"£1,983.97",8,"£1,983.61","£15,871.74","£15,868.88",£2.86
808,CA-2016-140921,03/02/2016,2016,Mar,Qtr1,First Class,AA-10375,Allen,Armold,Consumer,United States,Omaha,Nebraska,68104,Central,FUR-FU-10003347,Furniture,£28.40,6,£28.32,£170.40,£169.92,£0.48
809,CA-2016-140921,03/02/2016,2016,Mar,Qtr1,First Class,AA-10375,Allen,Armold,Consumer,United States,Omaha,Nebraska,68104,Central,TEC-AC-10004901,Technology,£149.97,6,£149.22,£899.82,£895.32,£4.50
810,CA-2015-151995,10/13/2015,2015,Oct,Qtr4,First Class,ZC-21910,Zuschuss,Carroll,Consumer,United States,Edmonds,Washington,98026,West,OFF-AR-10003190,Office Supplies,£11.52,9,£11.04,£103.68,£99.36,£4.32
811,CA-2015-151995,10/13/2015,2015,Oct,Qtr4,First Class,ZC-21910,Zuschuss,Carroll,Consumer,United States,Edmonds,Washington,98026,West,FUR-TA-10002903,Furniture,"£1,298.55",9,"£1,297.88","£11,686.95","£11,680.92",£6.03
812,CA-2015-151995,10/13/2015,2015,Oct,Qtr4,First Class,ZC-21910,Zuschuss,Carroll,Consumer,United States,Edmonds,Washington,98026,West,OFF-AP-10000240,Office Supplies,£213.92,9,£213.11,"£1,925.28","£1,917.99",£7.29
813,CA-2015-151995,10/13/2015,2015,Oct,Qtr4,First Class,ZC-21910,Zuschuss,Carroll,Consumer,United States,Edmonds,Washington,98026,West,TEC-AC-10001101,Technology,£25.78,9,£24.79,£232.02,£223.11,£8.91
814,CA-2018-143686,05/14/2018,2018,May,Qtr2,Same Day,PJ-19015,Pauline,Johnson,Consumer,United States,Santa Ana,California,92704,West,FUR-FU-10000794,Furniture,£18.28,9,£18.08,£164.52,£162.72,£1.80
815,CA-2018-143686,05/14/2018,2018,May,Qtr2,Same Day,PJ-19015,Pauline,Johnson,Consumer,United States,Santa Ana,California,92704,West,TEC-AC-10001838,Technology,"£1,399.93",9,"£1,399.32","£12,599.37","£12,593.88",£5.49
816,CA-2016-106565,03/20/2016,2016,Mar,Qtr1,First Class,BW-11110,Bart,Watters,Corporate,United States,Milwaukee,Wisconsin,53209,Central,OFF-PA-10000061,Office Supplies,£51.84,5,£51.11,£259.20,£255.55,£3.65
817,CA-2017-149370,09/15/2017,2017,Sep,Qtr3,Standard Class,DB-13210,Dean,Braden,Consumer,United States,Philadelphia,Pennsylvania,19140,East,OFF-PA-10003651,Office Supplies,£5.34,1,£4.97,£5.34,£4.97,£0.37
818,CA-2015-140858,06/28/2015,2015,Jun,Qtr2,Standard Class,CA-12775,Cynthia,Arntzen,Consumer,United States,Philadelphia,Pennsylvania,19140,East,OFF-PA-10000304,Office Supplies,£41.47,1,£41.33,£41.47,£41.33,£0.14
819,CA-2015-140858,06/28/2015,2015,Jun,Qtr2,Standard Class,CA-12775,Cynthia,Arntzen,Consumer,United States,Philadelphia,Pennsylvania,19140,East,OFF-BI-10003094,Office Supplies,£3.17,1,£2.59,£3.17,£2.59,£0.58
820,CA-2015-140858,06/28/2015,2015,Jun,Qtr2,Standard Class,CA-12775,Cynthia,Arntzen,Consumer,United States,Philadelphia,Pennsylvania,19140,East,FUR-CH-10001394,Furniture,"£1,228.47",1,"£1,227.98","£1,228.47","£1,227.98",£0.48
821,CA-2015-140858,06/28/2015,2015,Jun,Qtr2,Standard Class,CA-12775,Cynthia,Arntzen,Consumer,United States,Philadelphia,Pennsylvania,19140,East,OFF-BI-10004230,Office Supplies,£31.09,1,£31.06,£31.09,£31.06,£0.03
822,CA-2015-140858,06/28/2015,2015,Jun,Qtr2,Standard Class,CA-12775,Cynthia,Arntzen,Consumer,United States,Philadelphia,Pennsylvania,19140,East,OFF-PA-10003395,Office Supplies,£335.52,1,£335.44,£335.52,£335.44,£0.08
823,CA-2018-101434,06/20/2018,2018,Jun,Qtr2,Standard Class,TR-21325,Toby,Ritter,Consumer,United States,Belleville,New Jersey,7109,East,TEC-AC-10002402,Technology,£239.97,7,£239.15,"£1,679.79","£1,674.05",£5.74
824,CA-2018-101434,06/20/2018,2018,Jun,Qtr2,Standard Class,TR-21325,Toby,Ritter,Consumer,United States,Belleville,New Jersey,7109,East,OFF-LA-10003223,Office Supplies,£9.82,7,£9.82,£68.74,£68.74,£0.00
825,US-2015-102071,09/05/2015,2015,Sep,Qtr3,Standard Class,PG-18820,Patrick,Gardner,Consumer,United States,San Francisco,California,94110,West,TEC-AC-10003441,Technology,£67.80,9,£66.82,£610.20,£601.38,£8.82
826,US-2015-102071,09/05/2015,2015,Sep,Qtr3,Standard Class,PG-18820,Patrick,Gardner,Consumer,United States,San Francisco,California,94110,West,TEC-AC-10000109,Technology,£167.97,9,£167.06,"£1,511.73","£1,503.54",£8.19
827,CA-2018-126956,08/21/2018,2018,Aug,Qtr3,Standard Class,GT-14710,Greg,Tran,Consumer,United States,Lakeville,Minnesota,55044,Central,OFF-FA-10002280,Office Supplies,£35.00,5,£34.12,£175.00,£170.60,£4.40
828,CA-2018-126956,08/21/2018,2018,Aug,Qtr3,Standard Class,GT-14710,Greg,Tran,Consumer,United States,Lakeville,Minnesota,55044,Central,OFF-SU-10000381,Office Supplies,£37.24,5,£37.15,£186.20,£185.75,£0.45
829,CA-2018-126956,08/21/2018,2018,Aug,Qtr3,Standard Class,GT-14710,Greg,Tran,Consumer,United States,Lakeville,Minnesota,55044,Central,OFF-EN-10004459,Office Supplies,£15.28,5,£14.83,£76.40,£74.15,£2.25
830,CA-2018-129462,06/16/2018,2018,Jun,Qtr2,Second Class,JE-15745,Joel,Eaton,Consumer,United States,Florence,Kentucky,41042,South,FUR-CH-10000665,Furniture,£301.96,4,£301.63,"£1,207.84","£1,206.52",£1.32
831,CA-2018-129462,06/16/2018,2018,Jun,Qtr2,Second Class,JE-15745,Joel,Eaton,Consumer,United States,Florence,Kentucky,41042,South,OFF-AP-10003884,Office Supplies,£180.66,4,£180.35,£722.64,£721.40,£1.24
832,CA-2018-129462,06/16/2018,2018,Jun,Qtr2,Second Class,JE-15745,Joel,Eaton,Consumer,United States,Florence,Kentucky,41042,South,TEC-PH-10001557,Technology,£191.98,4,£191.97,£767.92,£767.88,£0.04
833,CA-2018-129462,06/16/2018,2018,Jun,Qtr2,Second Class,JE-15745,Joel,Eaton,Consumer,United States,Florence,Kentucky,41042,South,TEC-PH-10002085,Technology,£65.99,4,£65.98,£263.96,£263.92,£0.04
834,CA-2017-165316,07/23/2017,2017,Jul,Qtr3,Standard Class,JB-15400,Jennifer,Braxton,Corporate,United States,Tampa,Florida,33614,South,OFF-AR-10002956,Office Supplies,£35.22,3,£34.32,£105.65,£102.96,£2.69
835,CA-2017-165316,07/23/2017,2017,Jul,Qtr3,Standard Class,JB-15400,Jennifer,Braxton,Corporate,United States,Tampa,Florida,33614,South,OFF-AP-10003266,Office Supplies,£23.70,3,£23.08,£71.09,£69.24,£1.85
836,CA-2017-165316,07/23/2017,2017,Jul,Qtr3,Standard Class,JB-15400,Jennifer,Braxton,Corporate,United States,Tampa,Florida,33614,South,TEC-MA-10004002,Technology,£265.48,3,£265.15,£796.43,£795.45,£0.98
837,US-2015-115987,08/09/2015,2015,Aug,Qtr3,Second Class,LH-17020,Lisa,Hazard,Consumer,United States,Tyler,Texas,75701,Central,OFF-BI-10001071,Office Supplies,£51.18,7,£51.02,£358.29,£357.14,£1.15
838,US-2018-156083,04/11/2018,2018,Apr,Qtr2,Standard Class,JL-15175,James,Lanier,Home Office,United States,Columbia,Tennessee,38401,South,OFF-PA-10001560,Office Supplies,£9.66,3,£9.37,£28.99,£28.11,£0.88
839,US-2017-137547,07/03/2017,2017,Jul,Qtr3,Standard Class,EB-13705,Ed,Braxton,Corporate,United States,Fort Worth,Texas,76106,Central,TEC-PH-10002365,Technology,£21.07,7,£20.89,£147.50,£146.23,£1.27
840,CA-2016-100454,11/20/2016,2016,Nov,Qtr4,Standard Class,BM-11650,Brian,Moss,Corporate,United States,New York City,New York,10035,East,OFF-AR-10004648,Office Supplies,£60.45,1,£60.25,£60.45,£60.25,£0.20
841,CA-2016-100454,11/20/2016,2016,Nov,Qtr4,Standard Class,BM-11650,Brian,Moss,Corporate,United States,New York City,New York,10035,East,OFF-AR-10002578,Office Supplies,£11.52,1,£11.19,£11.52,£11.19,£0.33
842,CA-2016-100454,11/20/2016,2016,Nov,Qtr4,Standard Class,BM-11650,Brian,Moss,Corporate,United States,New York City,New York,10035,East,FUR-BO-10001519,Furniture,£186.05,1,£185.91,£186.05,£185.91,£0.14
843,CA-2017-161669,07/11/2017,2017,Jul,Qtr3,First Class,EM-14095,Eudokia,Martin,Corporate,United States,Los Angeles,California,90036,West,OFF-BI-10001294,Office Supplies,£37.44,9,£37.17,£336.96,£334.53,£2.43
844,CA-2017-161669,07/11/2017,2017,Jul,Qtr3,First Class,EM-14095,Eudokia,Martin,Corporate,United States,Los Angeles,California,90036,West,OFF-BI-10001636,Office Supplies,£26.98,9,£26.22,£242.78,£235.98,£6.80
845,CA-2017-161669,07/11/2017,2017,Jul,Qtr3,First Class,EM-14095,Eudokia,Martin,Corporate,United States,Los Angeles,California,90036,West,OFF-SU-10002503,Office Supplies,£11.36,9,£11.28,£102.24,£101.52,£0.72
846,CA-2017-161669,07/11/2017,2017,Jul,Qtr3,First Class,EM-14095,Eudokia,Martin,Corporate,United States,Los Angeles,California,90036,West,OFF-LA-10004093,Office Supplies,£14.62,9,£14.55,£131.58,£130.95,£0.63
847,CA-2016-114300,10/13/2016,2016,Oct,Qtr4,Standard Class,AF-10885,Art,Foster,Consumer,United States,Louisville,Kentucky,40214,South,TEC-PH-10001552,Technology,£83.72,4,£83.34,£334.88,£333.36,£1.52
848,CA-2016-114300,10/13/2016,2016,Oct,Qtr4,Standard Class,AF-10885,Art,Foster,Consumer,United States,Louisville,Kentucky,40214,South,FUR-CH-10001891,Furniture,£287.94,4,£286.99,"£1,151.76","£1,147.96",£3.80
849,CA-2018-107503,01/01/2018,2018,Jan,Qtr1,Standard Class,GA-14725,Guy,Armstrong,Consumer,United States,Lorain,Ohio,44052,East,FUR-FU-10003878,Furniture,£48.90,4,£48.39,£195.58,£193.56,£2.02
850,CA-2015-107755,07/02/2015,2015,Jul,Qtr3,Standard Class,CK-12760,Cyma,Kinney,Corporate,United States,Linden,New Jersey,7036,East,TEC-AC-10000710,Technology,£115.36,7,£114.77,£807.52,£803.39,£4.13
851,CA-2017-152534,06/20/2017,2017,Jun,Qtr2,Second Class,DP-13105,Dave,Poirier,Corporate,United States,Salinas,California,93905,West,OFF-AR-10002335,Office Supplies,£5.16,9,£5.02,£46.44,£45.18,£1.26
852,CA-2017-152534,06/20/2017,2017,Jun,Qtr2,Second Class,DP-13105,Dave,Poirier,Corporate,United States,Salinas,California,93905,West,OFF-PA-10001870,Office Supplies,£38.88,9,£38.86,£349.92,£349.74,£0.18
853,CA-2017-113747,05/28/2017,2017,May,Qtr2,Standard Class,VD-21670,Valerie,Dominguez,Consumer,United States,Jackson,Mississippi,39212,South,OFF-AR-10003373,Office Supplies,£185.88,3,£185.07,£557.64,£555.21,£2.43
854,CA-2017-123274,02/19/2017,2017,Feb,Qtr1,Standard Class,GT-14710,Greg,Tran,Consumer,United States,New York City,New York,10035,East,FUR-FU-10004090,Furniture,£44.46,1,£44.26,£44.46,£44.26,£0.20
855,CA-2017-123274,02/19/2017,2017,Feb,Qtr1,Standard Class,GT-14710,Greg,Tran,Consumer,United States,New York City,New York,10035,East,OFF-ST-10000736,Office Supplies,£242.94,1,£242.33,£242.94,£242.33,£0.61
856,CA-2015-125612,03/08/2015,2015,Mar,Qtr1,Standard Class,BK-11260,Berenike,Kampe,Consumer,United States,New York City,New York,10035,East,OFF-PA-10001019,Office Supplies,£39.96,1,£39.21,£39.96,£39.21,£0.75
857,CA-2015-125612,03/08/2015,2015,Mar,Qtr1,Standard Class,BK-11260,Berenike,Kampe,Consumer,United States,New York City,New York,10035,East,OFF-SU-10002537,Office Supplies,£102.30,1,£102.10,£102.30,£102.10,£0.20
858,CA-2015-125612,03/08/2015,2015,Mar,Qtr1,Standard Class,BK-11260,Berenike,Kampe,Consumer,United States,New York City,New York,10035,East,OFF-ST-10003221,Office Supplies,£21.36,1,£20.84,£21.36,£20.84,£0.52
859,CA-2018-161984,10/04/2018,2018,Oct,Qtr4,Standard Class,SJ-20125,Sanjit,Jacobs,Home Office,United States,New Brunswick,New Jersey,8901,East,OFF-PA-10004569,Office Supplies,£7.61,8,£7.60,£60.88,£60.80,£0.08
860,CA-2018-161984,10/04/2018,2018,Oct,Qtr4,Standard Class,SJ-20125,Sanjit,Jacobs,Home Office,United States,New Brunswick,New Jersey,8901,East,OFF-FA-10000624,Office Supplies,£7.16,8,£6.82,£57.28,£54.56,£2.72
861,CA-2015-133851,09/06/2015,2015,Sep,Qtr3,Standard Class,CM-12445,Chuck,Magee,Consumer,United States,San Francisco,California,94122,West,OFF-SU-10001225,Office Supplies,£7.36,9,£6.70,£66.24,£60.30,£5.94
862,CA-2015-133851,09/06/2015,2015,Sep,Qtr3,Standard Class,CM-12445,Chuck,Magee,Consumer,United States,San Francisco,California,94122,West,OFF-AR-10003752,Office Supplies,£23.10,9,£22.15,£207.90,£199.35,£8.55
863,CA-2017-134474,05/01/2017,2017,May,Qtr2,Second Class,AJ-10795,Anthony,Johnson,Corporate,United States,Jacksonville,Florida,32216,South,TEC-AC-10001714,Technology,£191.47,3,£190.66,£574.42,£571.98,£2.44
864,CA-2017-134474,05/01/2017,2017,May,Qtr2,Second Class,AJ-10795,Anthony,Johnson,Corporate,United States,Jacksonville,Florida,32216,South,OFF-AR-10003958,Office Supplies,£5.25,3,£4.47,£15.74,£13.41,£2.33
865,CA-2017-134474,05/01/2017,2017,May,Qtr2,Second Class,AJ-10795,Anthony,Johnson,Corporate,United States,Jacksonville,Florida,32216,South,TEC-PH-10002923,Technology,£59.18,3,£59.09,£177.55,£177.27,£0.28
866,CA-2015-149020,10/01/2015,2015,Oct,Qtr4,Standard Class,AJ-10780,Anthony,Jacobs,Corporate,United States,Springfield,Virginia,22153,South,OFF-LA-10004272,Office Supplies,£2.89,2,£2.46,£5.78,£4.92,£0.86
867,CA-2015-149020,10/01/2015,2015,Oct,Qtr4,Standard Class,AJ-10780,Anthony,Jacobs,Corporate,United States,Springfield,Virginia,22153,South,FUR-FU-10000965,Furniture,£51.94,2,£51.29,£103.88,£102.58,£1.30
868,CA-2017-134362,09/29/2017,2017,Sep,Qtr3,First Class,LS-16945,Linda,Southworth,Corporate,United States,Philadelphia,Pennsylvania,19140,East,OFF-LA-10004853,Office Supplies,£15.94,1,£15.64,£15.94,£15.64,£0.30
869,CA-2015-136742,06/04/2015,2015,Jun,Qtr2,Standard Class,GP-14740,Guy,Phonely,Corporate,United States,Lancaster,Pennsylvania,17602,East,OFF-BI-10003719,Office Supplies,£44.91,1,£44.34,£44.91,£44.34,£0.57
870,CA-2017-158099,03/09/2017,2017,Mar,Qtr1,First Class,PK-18910,Paul,Knutson,Home Office,United States,Philadelphia,Pennsylvania,19143,East,OFF-BI-10000545,Office Supplies,"£1,141.47",1,"£1,140.66","£1,141.47","£1,140.66",£0.81
871,CA-2017-158099,03/09/2017,2017,Mar,Qtr1,First Class,PK-18910,Paul,Knutson,Home Office,United States,Philadelphia,Pennsylvania,19143,East,TEC-PH-10002496,Technology,£280.78,1,£280.46,£280.78,£280.46,£0.32
872,CA-2016-131128,10/19/2016,2016,Oct,Qtr4,First Class,TB-21520,Tracy,Blumstein,Consumer,United States,Concord,New Hampshire,3301,East,OFF-PA-10003591,Office Supplies,£34.44,3,£33.61,£103.32,£100.83,£2.49
873,CA-2015-148488,10/12/2015,2015,Oct,Qtr4,Standard Class,SM-20005,Sally,Matthias,Consumer,United States,New York City,New York,10009,East,OFF-PA-10004470,Office Supplies,£11.36,1,£10.48,£11.36,£10.48,£0.88
874,CA-2015-148488,10/12/2015,2015,Oct,Qtr4,Standard Class,SM-20005,Sally,Matthias,Consumer,United States,New York City,New York,10009,East,OFF-BI-10000315,Office Supplies,£106.34,1,£105.77,£106.34,£105.77,£0.57
875,CA-2018-114636,08/25/2018,2018,Aug,Qtr3,Standard Class,GA-14725,Guy,Armstrong,Consumer,United States,Charlotte,North Carolina,28205,South,OFF-PA-10001790,Office Supplies,£192.16,2,£191.21,£384.32,£382.42,£1.90
876,CA-2017-116736,01/17/2017,2017,Jan,Qtr1,Standard Class,CC-12430,Chuck,Clark,Home Office,United States,Concord,New Hampshire,3301,East,FUR-FU-10004017,Furniture,£322.59,3,£322.40,£967.77,£967.20,£0.57
877,CA-2017-116736,01/17/2017,2017,Jan,Qtr1,Standard Class,CC-12430,Chuck,Clark,Home Office,United States,Concord,New Hampshire,3301,East,TEC-AC-10003628,Technology,£29.99,3,£29.34,£89.97,£88.02,£1.95
878,CA-2017-116736,01/17/2017,2017,Jan,Qtr1,Standard Class,CC-12430,Chuck,Clark,Home Office,United States,Concord,New Hampshire,3301,East,TEC-AC-10002049,Technology,£371.97,3,£371.37,"£1,115.91","£1,114.11",£1.80
879,US-2015-158638,09/17/2015,2015,Sep,Qtr3,Standard Class,AG-10765,Anthony,Garverick,Home Office,United States,Philadelphia,Pennsylvania,19120,East,OFF-BI-10003712,Office Supplies,£5.89,1,£5.78,£5.89,£5.78,£0.11
880,CA-2018-111689,11/30/2018,2018,Nov,Qtr4,Second Class,HP-14815,Harold,Pawlan,Home Office,United States,New York City,New York,10024,East,OFF-BI-10003984,Office Supplies,£68.47,1,£68.14,£68.47,£68.14,£0.33
881,CA-2018-111689,11/30/2018,2018,Nov,Qtr4,Second Class,HP-14815,Harold,Pawlan,Home Office,United States,New York City,New York,10024,East,FUR-CH-10004287,Furniture,"£1,242.90",1,"£1,242.58","£1,242.90","£1,242.58",£0.32
882,CA-2016-129098,09/10/2016,2016,Sep,Qtr3,Standard Class,DK-13090,Dave,Kipp,Consumer,United States,Springfield,Virginia,22153,South,OFF-ST-10001321,Office Supplies,£30.84,2,£30.29,£61.68,£60.58,£1.10
883,US-2018-123463,12/23/2018,2018,Dec,Qtr4,Same Day,GZ-14470,Gary,Zandusky,Consumer,United States,San Francisco,California,94109,West,OFF-AR-10001118,Office Supplies,£13.48,9,£12.50,£121.32,£112.50,£8.82
884,CA-2017-165148,10/22/2017,2017,Oct,Qtr4,First Class,PM-19135,Peter,McVee,Home Office,United States,Detroit,Michigan,48227,Central,FUR-FU-10000732,Furniture,£31.40,4,£31.38,£125.60,£125.52,£0.08
885,CA-2015-134061,04/29/2015,2015,Apr,Qtr2,Standard Class,LL-16840,Lauren,Leatherbury,Consumer,United States,Rochester,New York,14609,East,FUR-FU-10001424,Furniture,£17.46,1,£16.59,£17.46,£16.59,£0.87
886,CA-2016-143602,04/25/2016,2016,Apr,Qtr2,Second Class,JS-15595,Jill,Stevenson,Corporate,United States,Los Angeles,California,90045,West,OFF-BI-10002071,Office Supplies,£13.94,9,£13.63,£125.50,£122.67,£2.83
887,CA-2018-115364,06/26/2018,2018,Jun,Qtr2,Standard Class,OT-18730,Olvera,Toch,Consumer,United States,San Diego,California,92105,West,OFF-ST-10002486,Office Supplies,£83.76,9,£83.49,£753.84,£751.41,£2.43
888,CA-2018-150707,10/14/2018,2018,Oct,Qtr4,Standard Class,EL-13735,Ed,Ludwig,Home Office,United States,Columbia,Maryland,21044,East,OFF-BI-10001078,Office Supplies,£37.66,2,£37.21,£75.32,£74.42,£0.90
889,CA-2015-104976,09/12/2015,2015,Sep,Qtr3,Standard Class,CK-12760,Cyma,Kinney,Corporate,United States,San Francisco,California,94122,West,OFF-PA-10003845,Office Supplies,£34.68,9,£33.87,£312.12,£304.83,£7.29
890,CA-2018-132934,06/20/2018,2018,Jun,Qtr2,Standard Class,JE-15475,Jeremy,Ellison,Consumer,United States,New Rochelle,New York,10801,East,TEC-AC-10000927,Technology,£149.95,1,£149.13,£149.95,£149.13,£0.82
891,CA-2018-132934,06/20/2018,2018,Jun,Qtr2,Standard Class,JE-15475,Jeremy,Ellison,Consumer,United States,New Rochelle,New York,10801,East,OFF-BI-10001098,Office Supplies,£51.31,1,£50.91,£51.31,£50.91,£0.40
892,CA-2018-133256,06/26/2018,2018,Jun,Qtr2,First Class,TH-21550,Tracy,Hopkins,Home Office,United States,Detroit,Michigan,48227,Central,OFF-PA-10001622,Office Supplies,£4.54,4,£4.38,£18.16,£17.52,£0.64
893,CA-2018-133256,06/26/2018,2018,Jun,Qtr2,First Class,TH-21550,Tracy,Hopkins,Home Office,United States,Detroit,Michigan,48227,Central,OFF-AR-10003158,Office Supplies,£15.92,4,£15.36,£63.68,£61.44,£2.24
894,CA-2018-133256,06/26/2018,2018,Jun,Qtr2,First Class,TH-21550,Tracy,Hopkins,Home Office,United States,Detroit,Michigan,48227,Central,TEC-PH-10002660,Technology,£543.92,4,£543.77,"£2,175.68","£2,175.08",£0.60
895,CA-2017-105494,10/11/2017,2017,Oct,Qtr4,First Class,PC-18745,Pamela,Coakley,Corporate,United States,San Francisco,California,94122,West,OFF-ST-10002205,Office Supplies,£155.82,9,£155.11,"£1,402.38","£1,395.99",£6.39
896,CA-2017-105494,10/11/2017,2017,Oct,Qtr4,First Class,PC-18745,Pamela,Coakley,Corporate,United States,San Francisco,California,94122,West,OFF-BI-10003364,Office Supplies,£70.01,9,£70.00,£630.07,£630.00,£0.07
897,CA-2017-140634,03/10/2017,2017,Mar,Qtr1,Second Class,HL-15040,Hunter,Lopez,Consumer,United States,Houston,Texas,77095,Central,OFF-EN-10001099,Office Supplies,£15.65,7,£14.69,£109.54,£102.83,£6.71
898,CA-2015-144407,09/09/2015,2015,Sep,Qtr3,Standard Class,MS-17365,Maribeth,Schnelling,Consumer,United States,Detroit,Michigan,48227,Central,OFF-LA-10003923,Office Supplies,£103.60,4,£103.15,£414.40,£412.60,£1.80
899,CA-2018-160983,10/29/2018,2018,Oct,Qtr4,Second Class,GB-14530,George,Bell,Corporate,United States,Auburn,New York,13021,East,OFF-PA-10002250,Office Supplies,£46.96,1,£46.90,£46.96,£46.90,£0.06
900,US-2017-114622,10/04/2017,2017,Oct,Qtr4,First Class,JR-16210,Justin,Ritter,Corporate,United States,Springfield,Ohio,45503,East,OFF-BI-10004716,Office Supplies,£8.90,4,£8.04,£35.62,£32.16,£3.46
901,CA-2018-150959,11/11/2018,2018,Nov,Qtr4,First Class,TD-20995,Tamara,Dahlen,Consumer,United States,Garland,Texas,75043,Central,OFF-LA-10001045,Office Supplies,£10.44,7,£9.91,£73.08,£69.37,£3.71
902,CA-2018-150959,11/11/2018,2018,Nov,Qtr4,First Class,TD-20995,Tamara,Dahlen,Consumer,United States,Garland,Texas,75043,Central,OFF-BI-10001510,Office Supplies,£18.34,7,£17.69,£128.35,£123.83,£4.52
903,CA-2018-132353,09/15/2018,2018,Sep,Qtr3,First Class,DB-13060,Dave,Brooks,Consumer,United States,Chicago,Illinois,60653,Central,TEC-PH-10004536,Technology,£323.98,6,£323.14,"£1,943.86","£1,938.84",£5.02
904,CA-2017-130477,08/04/2017,2017,Aug,Qtr3,Standard Class,LC-17140,Logan,Currie,Consumer,United States,Los Angeles,California,90032,West,OFF-PA-10002947,Office Supplies,£20.04,9,£19.88,£180.36,£178.92,£1.44
905,CA-2017-130477,08/04/2017,2017,Aug,Qtr3,Standard Class,LC-17140,Logan,Currie,Consumer,United States,Los Angeles,California,90032,West,OFF-ST-10002583,Office Supplies,£64.96,9,£64.81,£584.64,£583.29,£1.35
906,CA-2017-130477,08/04/2017,2017,Aug,Qtr3,Standard Class,LC-17140,Logan,Currie,Consumer,United States,Los Angeles,California,90032,West,OFF-PA-10000019,Office Supplies,£12.96,9,£12.63,£116.64,£113.67,£2.97
907,CA-2018-143259,12/30/2018,2018,Dec,Qtr4,Standard Class,PO-18865,Patrick,O'Donnell,Consumer,United States,New York City,New York,10009,East,FUR-BO-10003441,Furniture,£323.14,1,£322.23,£323.14,£322.23,£0.91
908,CA-2018-143259,12/30/2018,2018,Dec,Qtr4,Standard Class,PO-18865,Patrick,O'Donnell,Consumer,United States,New York City,New York,10009,East,TEC-PH-10004774,Technology,£90.93,1,£90.18,£90.93,£90.18,£0.75
909,CA-2018-143259,12/30/2018,2018,Dec,Qtr4,Standard Class,PO-18865,Patrick,O'Donnell,Consumer,United States,New York City,New York,10009,East,OFF-BI-10003684,Office Supplies,£52.78,1,£52.06,£52.78,£52.06,£0.72
910,CA-2018-137596,02/09/2018,2018,Feb,Qtr1,Standard Class,BE-11335,Bill,Eplett,Home Office,United States,Jackson,Michigan,49201,Central,TEC-PH-10001494,Technology,"£1,199.80",4,"£1,199.52","£4,799.20","£4,798.08",£1.12
911,CA-2018-137596,02/09/2018,2018,Feb,Qtr1,Standard Class,BE-11335,Bill,Eplett,Home Office,United States,Jackson,Michigan,49201,Central,TEC-AC-10004666,Technology,"£1,928.78",4,"£1,928.37","£7,715.12","£7,713.48",£1.64
912,CA-2018-137596,02/09/2018,2018,Feb,Qtr1,Standard Class,BE-11335,Bill,Eplett,Home Office,United States,Jackson,Michigan,49201,Central,OFF-ST-10003816,Office Supplies,£352.38,4,£352.29,"£1,409.52","£1,409.16",£0.36
914,CA-2018-102519,11/27/2018,2018,Nov,Qtr4,First Class,BM-11650,Brian,Moss,Corporate,United States,Milwaukee,Wisconsin,53209,Central,FUR-FU-10004091,Furniture,£46.94,5,£46.19,£234.70,£230.95,£3.75
915,CA-2018-102519,11/27/2018,2018,Nov,Qtr4,First Class,BM-11650,Brian,Moss,Corporate,United States,Milwaukee,Wisconsin,53209,Central,TEC-AC-10001772,Technology,£143.73,5,£143.67,£718.65,£718.35,£0.30
916,US-2015-141215,06/15/2015,2015,Jun,Qtr2,Standard Class,KL-16555,Kelly,Lampkin,Corporate,United States,San Antonio,Texas,78207,Central,FUR-TA-10001520,Furniture,£99.92,7,£99.41,£699.43,£695.87,£3.56
917,US-2015-141215,06/15/2015,2015,Jun,Qtr2,Standard Class,KL-16555,Kelly,Lampkin,Corporate,United States,San Antonio,Texas,78207,Central,FUR-CH-10003379,Furniture,£797.94,7,£797.92,"£5,585.61","£5,585.44",£0.17
918,US-2015-141215,06/15/2015,2015,Jun,Qtr2,Standard Class,KL-16555,Kelly,Lampkin,Corporate,United States,San Antonio,Texas,78207,Central,OFF-BI-10002706,Office Supplies,£8.57,7,£8.44,£59.98,£59.08,£0.90
919,CA-2017-165218,05/03/2017,2017,May,Qtr2,Standard Class,RW-19630,Rob,Williams,Corporate,United States,Dallas,Texas,75220,Central,OFF-EN-10000056,Office Supplies,£149.35,7,£148.95,"£1,045.46","£1,042.65",£2.81
920,CA-2017-165218,05/03/2017,2017,May,Qtr2,Standard Class,RW-19630,Rob,Williams,Corporate,United States,Dallas,Texas,75220,Central,OFF-ST-10001558,Office Supplies,£12.99,7,£12.26,£90.94,£85.82,£5.12
921,CA-2015-138296,05/12/2015,2015,May,Qtr2,Standard Class,RC-19825,Roy,Collins,Consumer,United States,Alexandria,Virginia,22304,South,OFF-ST-10002444,Office Supplies,£24.56,2,£24.01,£49.12,£48.02,£1.10
922,CA-2016-111164,11/04/2016,2016,Nov,Qtr4,Standard Class,SE-20110,Sanjit,Engle,Consumer,United States,New York City,New York,10009,East,TEC-AC-10002473,Technology,£85.14,1,£85.04,£85.14,£85.04,£0.10
923,CA-2016-111164,11/04/2016,2016,Nov,Qtr4,Standard Class,SE-20110,Sanjit,Engle,Consumer,United States,New York City,New York,10009,East,TEC-PH-10004531,Technology,£21.99,1,£21.10,£21.99,£21.10,£0.89
924,CA-2016-111164,11/04/2016,2016,Nov,Qtr4,Standard Class,SE-20110,Sanjit,Engle,Consumer,United States,New York City,New York,10009,East,OFF-AP-10004487,Office Supplies,£406.60,1,£405.67,£406.60,£405.67,£0.93
925,CA-2017-149797,09/15/2017,2017,Sep,Qtr3,Standard Class,AH-10075,Adam,Hart,Corporate,United States,New York City,New York,10011,East,OFF-BI-10003650,Office Supplies,£841.57,1,£841.57,£841.57,£841.57,£0.00
926,CA-2015-132962,09/13/2015,2015,Sep,Qtr3,First Class,JM-15535,Jessica,Myrick,Consumer,United States,Philadelphia,Pennsylvania,19143,East,OFF-PA-10003543,Office Supplies,£15.55,1,£14.80,£15.55,£14.80,£0.75
927,CA-2015-132962,09/13/2015,2015,Sep,Qtr3,First Class,JM-15535,Jessica,Myrick,Consumer,United States,Philadelphia,Pennsylvania,19143,East,TEC-AC-10004353,Technology,£252.00,1,£251.41,£252.00,£251.41,£0.59
928,CA-2016-115091,05/10/2016,2016,May,Qtr2,Standard Class,JJ-15760,Joel,Jenkins,Home Office,United States,Springfield,Virginia,22153,South,OFF-AR-10000658,Office Supplies,£46.20,2,£45.48,£92.40,£90.96,£1.44
929,CA-2016-115091,05/10/2016,2016,May,Qtr2,Standard Class,JJ-15760,Joel,Jenkins,Home Office,United States,Springfield,Virginia,22153,South,OFF-AP-10000696,Office Supplies,£28.84,2,£28.67,£57.68,£57.34,£0.34
930,CA-2018-144932,04/14/2018,2018,Apr,Qtr2,First Class,AB-10165,Alan,Barnes,Consumer,United States,Toledo,Ohio,43615,East,OFF-AR-10003560,Office Supplies,£14.59,4,£13.71,£58.37,£54.84,£3.53
931,CA-2018-144932,04/14/2018,2018,Apr,Qtr2,First Class,AB-10165,Alan,Barnes,Consumer,United States,Toledo,Ohio,43615,East,OFF-AR-10001468,Office Supplies,£89.86,4,£88.89,£359.42,£355.56,£3.86
932,CA-2018-144932,04/14/2018,2018,Apr,Qtr2,First Class,AB-10165,Alan,Barnes,Consumer,United States,Toledo,Ohio,43615,East,OFF-PA-10004971,Office Supplies,£13.87,4,£13.46,£55.49,£53.84,£1.65
933,CA-2018-114216,02/09/2018,2018,Feb,Qtr1,Standard Class,RK-19300,Ralph,Kennedy,Consumer,United States,Philadelphia,Pennsylvania,19140,East,OFF-PA-10002195,Office Supplies,£12.19,1,£11.44,£12.19,£11.44,£0.75
934,CA-2017-140081,06/20/2017,2017,Jun,Qtr2,Standard Class,CG-12040,Catherine,Glotzbach,Home Office,United States,Philadelphia,Pennsylvania,19120,East,OFF-PA-10001745,Office Supplies,£45.06,1,£44.63,£45.06,£44.63,£0.43
935,CA-2017-140081,06/20/2017,2017,Jun,Qtr2,Standard Class,CG-12040,Catherine,Glotzbach,Home Office,United States,Philadelphia,Pennsylvania,19120,East,OFF-BI-10004826,Office Supplies,£29.72,1,£29.25,£29.72,£29.25,£0.47
936,CA-2017-140081,06/20/2017,2017,Jun,Qtr2,Standard Class,CG-12040,Catherine,Glotzbach,Home Office,United States,Philadelphia,Pennsylvania,19120,East,OFF-PA-10001870,Office Supplies,£15.55,1,£14.89,£15.55,£14.89,£0.66
937,CA-2017-140081,06/20/2017,2017,Jun,Qtr2,Standard Class,CG-12040,Catherine,Glotzbach,Home Office,United States,Philadelphia,Pennsylvania,19120,East,OFF-AP-10001058,Office Supplies,£447.70,1,£446.88,£447.70,£446.88,£0.82
938,US-2018-111745,05/11/2018,2018,May,Qtr2,First Class,RA-19885,Ruben,Ausman,Corporate,United States,Farmington,New Mexico,87401,West,TEC-AC-10003911,Technology,£159.99,8,£159.36,"£1,279.92","£1,274.88",£5.04
939,CA-2016-148250,12/13/2016,2016,Dec,Qtr4,Standard Class,RP-19270,Rachel,Payne,Corporate,United States,Riverside,California,92503,West,OFF-PA-10000289,Office Supplies,£12.96,9,£12.37,£116.64,£111.33,£5.31
940,CA-2016-148250,12/13/2016,2016,Dec,Qtr4,Standard Class,RP-19270,Rachel,Payne,Corporate,United States,Riverside,California,92503,West,OFF-AP-10003040,Office Supplies,£134.48,9,£134.18,"£1,210.32","£1,207.62",£2.70
941,CA-2017-105760,06/19/2017,2017,Jun,Qtr2,First Class,KC-16255,Karen,Carlisle,Corporate,United States,San Francisco,California,94110,West,OFF-PA-10000350,Office Supplies,£17.12,9,£17.11,£154.08,£153.99,£0.09
942,CA-2017-142958,12/13/2017,2017,Dec,Qtr4,Standard Class,RW-19630,Rob,Williams,Corporate,United States,Torrance,California,90503,West,OFF-BI-10001759,Office Supplies,£6.10,9,£5.43,£54.86,£48.87,£5.99
943,CA-2017-142958,12/13/2017,2017,Dec,Qtr4,Standard Class,RW-19630,Rob,Williams,Corporate,United States,Torrance,California,90503,West,FUR-TA-10000577,Furniture,"£1,114.27",9,"£1,113.48","£10,028.45","£10,021.32",£7.13
944,CA-2016-120880,05/29/2016,2016,May,Qtr2,Standard Class,JL-15850,John,Lucas,Consumer,United States,Seattle,Washington,98105,West,OFF-PA-10004101,Office Supplies,£32.40,9,£32.32,£291.60,£290.88,£0.72
945,CA-2016-120880,05/29/2016,2016,May,Qtr2,Standard Class,JL-15850,John,Lucas,Consumer,United States,Seattle,Washington,98105,West,OFF-ST-10001496,Office Supplies,£540.57,9,£539.80,"£4,865.13","£4,858.20",£6.93
946,CA-2016-120880,05/29/2016,2016,May,Qtr2,Standard Class,JL-15850,John,Lucas,Consumer,United States,Seattle,Washington,98105,West,OFF-BI-10002931,Office Supplies,£167.76,9,£167.02,"£1,509.84","£1,503.18",£6.66
947,US-2016-140200,07/26/2016,2016,Jul,Qtr3,First Class,CA-12775,Cynthia,Arntzen,Consumer,United States,Mesa,Arizona,85204,West,FUR-TA-10002356,Furniture,£393.17,8,£392.86,"£3,145.32","£3,142.88",£2.44
948,US-2018-110576,11/28/2018,2018,Nov,Qtr4,Standard Class,RB-19795,Ross,Baird,Home Office,United States,Philadelphia,Pennsylvania,19120,East,FUR-FU-10003601,Furniture,£516.49,1,£516.14,£516.49,£516.14,£0.35
949,US-2018-110576,11/28/2018,2018,Nov,Qtr4,Standard Class,RB-19795,Ross,Baird,Home Office,United States,Philadelphia,Pennsylvania,19120,East,FUR-FU-10000576,Furniture,"£1,007.23",1,"£1,006.41","£1,007.23","£1,006.41",£0.82
950,US-2018-110576,11/28/2018,2018,Nov,Qtr4,Standard Class,RB-19795,Ross,Baird,Home Office,United States,Philadelphia,Pennsylvania,19120,East,FUR-TA-10004154,Furniture,"£2,065.32",1,"£2,065.16","£2,065.32","£2,065.16",£0.16
951,US-2018-110576,11/28/2018,2018,Nov,Qtr4,Standard Class,RB-19795,Ross,Baird,Home Office,United States,Philadelphia,Pennsylvania,19120,East,OFF-PA-10000788,Office Supplies,£15.55,1,£15.27,£15.55,£15.27,£0.28
952,US-2018-110576,11/28/2018,2018,Nov,Qtr4,Standard Class,RB-19795,Ross,Baird,Home Office,United States,Philadelphia,Pennsylvania,19120,East,OFF-PA-10002479,Office Supplies,£25.34,1,£24.98,£25.34,£24.98,£0.36
953,CA-2018-131156,03/04/2018,2018,Mar,Qtr1,Standard Class,KH-16360,Katherine,Hughes,Consumer,United States,Philadelphia,Pennsylvania,19143,East,FUR-FU-10001940,Furniture,£25.47,1,£24.85,£25.47,£24.85,£0.62
954,CA-2018-136539,12/28/2018,2018,Dec,Qtr4,Standard Class,GH-14665,Greg,Hansen,Consumer,United States,Round Rock,Texas,78664,Central,OFF-AR-10001958,Office Supplies,£27.17,7,£27.06,£190.18,£189.42,£0.76
955,CA-2018-136539,12/28/2018,2018,Dec,Qtr4,Standard Class,GH-14665,Greg,Hansen,Consumer,United States,Round Rock,Texas,78664,Central,FUR-BO-10004709,Furniture,£78.85,7,£78.51,£551.97,£549.57,£2.40
956,CA-2018-119305,11/30/2018,2018,Nov,Qtr4,Standard Class,SW-20275,Scott,Williamson,Consumer,United States,Jackson,Mississippi,39212,South,OFF-ST-10000604,Office Supplies,£173.80,3,£173.33,£521.40,£519.99,£1.41
957,CA-2018-102414,05/15/2018,2018,May,Qtr2,Second Class,JA-15970,Joseph,Airdo,Consumer,United States,Phoenix,Arizona,85023,West,TEC-PH-10002923,Technology,£29.59,8,£28.89,£236.74,£231.12,£5.62
958,CA-2018-102414,05/15/2018,2018,May,Qtr2,Second Class,JA-15970,Joseph,Airdo,Consumer,United States,Phoenix,Arizona,85023,West,OFF-BI-10004465,Office Supplies,£4.75,8,£3.80,£38.02,£30.40,£7.62
959,CA-2018-102414,05/15/2018,2018,May,Qtr2,Second Class,JA-15970,Joseph,Airdo,Consumer,United States,Phoenix,Arizona,85023,West,OFF-PA-10002333,Office Supplies,£15.55,8,£15.55,£124.42,£124.40,£0.02
960,CA-2016-112571,09/22/2016,2016,Sep,Qtr3,Same Day,DL-12925,Daniel,Lacy,Consumer,United States,Oceanside,California,92054,West,FUR-FU-10004188,Furniture,£204.60,9,£204.29,"£1,841.40","£1,838.61",£2.79
961,CA-2018-152142,11/14/2018,2018,Nov,Qtr4,Standard Class,LW-16990,Lindsay,Williams,Corporate,United States,San Francisco,California,94110,West,FUR-CH-10002965,Furniture,£321.57,9,£321.44,"£2,894.11","£2,892.96",£1.15
962,CA-2016-160059,11/27/2016,2016,Nov,Qtr4,Standard Class,TB-21190,Thomas,Brumley,Home Office,United States,Fayetteville,Arkansas,72701,South,OFF-BI-10000145,Office Supplies,£6.24,7,£6.13,£43.68,£42.91,£0.77
963,CA-2017-120859,01/09/2017,2017,Jan,Qtr1,First Class,CV-12805,Cynthia,Voltz,Corporate,United States,San Francisco,California,94110,West,OFF-EN-10001335,Office Supplies,£21.88,9,£21.28,£196.92,£191.52,£5.40
964,CA-2015-127488,09/22/2015,2015,Sep,Qtr3,Second Class,MS-17365,Maribeth,Schnelling,Consumer,United States,Boca Raton,Florida,33433,South,OFF-LA-10001613,Office Supplies,£4.61,3,£3.70,£13.82,£11.10,£2.72
965,CA-2018-135279,09/04/2018,2018,Sep,Qtr3,First Class,BS-11800,Bryan,Spruell,Home Office,United States,New York City,New York,10011,East,OFF-LA-10004055,Office Supplies,£9.82,1,£9.00,£9.82,£9.00,£0.82
966,CA-2018-135279,09/04/2018,2018,Sep,Qtr3,First Class,BS-11800,Bryan,Spruell,Home Office,United States,New York City,New York,10011,East,OFF-AR-10004344,Office Supplies,£35.97,1,£35.61,£35.97,£35.61,£0.36
967,CA-2018-135279,09/04/2018,2018,Sep,Qtr3,First Class,BS-11800,Bryan,Spruell,Home Office,United States,New York City,New York,10011,East,OFF-PA-10004621,Office Supplies,£12.96,1,£12.91,£12.96,£12.91,£0.05
968,CA-2018-135279,09/04/2018,2018,Sep,Qtr3,First Class,BS-11800,Bryan,Spruell,Home Office,United States,New York City,New York,10011,East,OFF-PA-10001281,Office Supplies,£191.60,1,£191.09,£191.60,£191.09,£0.51
969,CA-2018-135279,09/04/2018,2018,Sep,Qtr3,First Class,BS-11800,Bryan,Spruell,Home Office,United States,New York City,New York,10011,East,OFF-LA-10001613,Office Supplies,£8.64,1,£7.67,£8.64,£7.67,£0.97
970,CA-2018-135279,09/04/2018,2018,Sep,Qtr3,First Class,BS-11800,Bryan,Spruell,Home Office,United States,New York City,New York,10011,East,OFF-ST-10001097,Office Supplies,£501.81,1,£501.68,£501.81,£501.68,£0.13
971,CA-2015-115791,01/16/2015,2015,Jan,Qtr1,Second Class,DL-13315,Delfina,Latchford,Consumer,United States,Philadelphia,Pennsylvania,19134,East,FUR-FU-10001095,Furniture,£127.10,1,£126.74,£127.10,£126.74,£0.36
972,CA-2015-115791,01/16/2015,2015,Jan,Qtr1,Second Class,DL-13315,Delfina,Latchford,Consumer,United States,Philadelphia,Pennsylvania,19134,East,TEC-PH-10004614,Technology,£124.20,1,£123.49,£124.20,£123.49,£0.71
973,CA-2015-115791,01/16/2015,2015,Jan,Qtr1,Second Class,DL-13315,Delfina,Latchford,Consumer,United States,Philadelphia,Pennsylvania,19134,East,OFF-BI-10001575,Office Supplies,£18.59,1,£18.21,£18.59,£18.21,£0.38
974,CA-2015-115791,01/16/2015,2015,Jan,Qtr1,Second Class,DL-13315,Delfina,Latchford,Consumer,United States,Philadelphia,Pennsylvania,19134,East,OFF-LA-10001074,Office Supplies,£30.07,1,£29.51,£30.07,£29.51,£0.56
975,US-2018-103247,05/10/2018,2018,May,Qtr2,Second Class,PO-19195,Phillina,Ober,Home Office,United States,New York City,New York,10011,East,TEC-PH-10003555,Technology,£160.93,1,£160.25,£160.93,£160.25,£0.68
976,US-2018-103247,05/10/2018,2018,May,Qtr2,Second Class,PO-19195,Phillina,Ober,Home Office,United States,New York City,New York,10011,East,OFF-BI-10004492,Office Supplies,£75.79,1,£75.60,£75.79,£75.60,£0.19
977,US-2018-100209,09/07/2018,2018,Sep,Qtr3,Standard Class,TD-20995,Tamara,Dahlen,Consumer,United States,Portland,Oregon,97206,West,OFF-BI-10002012,Office Supplies,£1.08,9,£0.62,£9.72,£5.58,£4.14
978,CA-2018-159366,07/01/2018,2018,Jul,Qtr3,First Class,BW-11110,Bart,Watters,Corporate,United States,Detroit,Michigan,48205,Central,TEC-MA-10000822,Technology,"£3,059.98",4,"£3,059.46","£12,239.93","£12,237.84",£2.09
979,CA-2017-145499,05/30/2017,2017,May,Qtr2,First Class,RW-19690,Robert,Waldorf,Consumer,United States,Wilmington,North Carolina,28403,South,OFF-BI-10000848,Office Supplies,£3.28,2,£2.42,£6.56,£4.84,£1.72
980,CA-2016-157035,09/12/2016,2016,Sep,Qtr3,First Class,KB-16600,Ken,Brennan,Corporate,United States,Columbus,Indiana,47201,Central,OFF-PA-10004156,Office Supplies,£34.02,4,£33.18,£136.08,£132.72,£3.36
981,CA-2017-144939,03/10/2017,2017,Mar,Qtr1,Standard Class,EB-13870,Emily,Burns,Consumer,United States,New York City,New York,10035,East,FUR-CH-10003199,Furniture,£599.29,1,£599.26,£599.29,£599.26,£0.03
982,CA-2015-163419,11/11/2015,2015,Nov,Qtr4,Second Class,TZ-21580,Tracy,Zic,Consumer,United States,Louisville,Colorado,80027,West,OFF-AR-10000034,Office Supplies,£3.39,8,£3.21,£27.14,£25.68,£1.46
983,CA-2015-163419,11/11/2015,2015,Nov,Qtr4,Second Class,TZ-21580,Tracy,Zic,Consumer,United States,Louisville,Colorado,80027,West,TEC-PH-10000560,Technology,£559.98,8,£559.50,"£4,479.87","£4,476.00",£3.87
984,CA-2015-163419,11/11/2015,2015,Nov,Qtr4,Second Class,TZ-21580,Tracy,Zic,Consumer,United States,Louisville,Colorado,80027,West,FUR-CH-10000665,Furniture,£603.92,8,£603.59,"£4,831.36","£4,828.72",£2.64
985,CA-2018-100314,09/29/2018,2018,Sep,Qtr3,Standard Class,AS-10630,Ann,Steele,Home Office,United States,Pasadena,Texas,77506,Central,OFF-LA-10001569,Office Supplies,£7.97,7,£7.61,£55.78,£53.27,£2.51
986,CA-2018-100314,09/29/2018,2018,Sep,Qtr3,Standard Class,AS-10630,Ann,Steele,Home Office,United States,Pasadena,Texas,77506,Central,OFF-EN-10000461,Office Supplies,£27.97,7,£27.75,£195.78,£194.25,£1.53
987,CA-2018-100314,09/29/2018,2018,Sep,Qtr3,Standard Class,AS-10630,Ann,Steele,Home Office,United States,Pasadena,Texas,77506,Central,TEC-MA-10003066,Technology,£336.51,7,£336.10,"£2,355.57","£2,352.70",£2.87
988,CA-2016-146829,10/03/2016,2016,Oct,Qtr4,Same Day,TS-21340,Toby,Swindell,Consumer,United States,Houston,Texas,77041,Central,OFF-BI-10004022,Office Supplies,£1.11,7,£0.28,£7.78,£1.96,£5.82
989,CA-2018-167899,05/21/2018,2018,May,Qtr2,Standard Class,JG-15805,John,Grady,Corporate,United States,Auburn,New York,13021,East,FUR-FU-10004071,Furniture,£520.05,1,£519.68,£520.05,£519.68,£0.37
990,CA-2018-167899,05/21/2018,2018,May,Qtr2,Standard Class,JG-15805,John,Grady,Corporate,United States,Auburn,New York,13021,East,OFF-AR-10001988,Office Supplies,£17.97,1,£17.52,£17.97,£17.52,£0.45
991,CA-2016-153549,03/29/2016,2016,Mar,Qtr1,Second Class,SL-20155,Sara,Luxemburg,Home Office,United States,Jacksonville,Florida,32216,South,FUR-CH-10004086,Furniture,"£1,166.92",3,"£1,166.52","£3,500.76","£3,499.56",£1.20
992,CA-2017-110023,09/09/2017,2017,Sep,Qtr3,First Class,TS-21610,Troy,Staebel,Consumer,United States,New York City,New York,10024,East,OFF-BI-10001036,Office Supplies,£14.62,1,£14.58,£14.62,£14.58,£0.04
993,CA-2017-105585,08/26/2017,2017,Aug,Qtr3,First Class,RF-19735,Roland,Fjeld,Consumer,United States,San Jose,California,95123,West,OFF-FA-10002983,Office Supplies,£10.23,9,£9.92,£92.07,£89.28,£2.79
994,CA-2017-105585,08/26/2017,2017,Aug,Qtr3,First Class,RF-19735,Roland,Fjeld,Consumer,United States,San Jose,California,95123,West,OFF-PA-10003625,Office Supplies,£154.90,9,£154.33,"£1,394.10","£1,388.97",£5.13
995,CA-2015-117639,05/21/2015,2015,May,Qtr2,Standard Class,MW-18235,Mitch,Willingham,Corporate,United States,Virginia Beach,Virginia,23464,South,OFF-BI-10003925,Office Supplies,"£2,715.93",2,"£2,715.43","£5,431.86","£5,430.86",£1.00
996,CA-2015-117639,05/21/2015,2015,May,Qtr2,Standard Class,MW-18235,Mitch,Willingham,Corporate,United States,Virginia Beach,Virginia,23464,South,TEC-PH-10001530,Technology,£617.97,2,£617.11,"£1,235.94","£1,234.22",£1.72
997,CA-2016-162537,10/28/2016,2016,Oct,Qtr4,Standard Class,RD-19585,Rob,Dowd,Consumer,United States,Henderson,Kentucky,42420,South,OFF-EN-10003862,Office Supplies,£10.67,4,£10.00,£42.68,£40.00,£2.68
998,CA-2016-162537,10/28/2016,2016,Oct,Qtr4,Standard Class,RD-19585,Rob,Dowd,Consumer,United States,Henderson,Kentucky,42420,South,OFF-ST-10004258,Office Supplies,£36.63,4,£36.44,£146.52,£145.76,£0.76
999,CA-2016-162537,10/28/2016,2016,Oct,Qtr4,Standard Class,RD-19585,Rob,Dowd,Consumer,United States,Henderson,Kentucky,42420,South,FUR-FU-10002885,Furniture,£24.10,4,£23.40,£96.40,£93.60,£2.80
1000,CA-2016-162537,10/28/2016,2016,Oct,Qtr4,Standard Class,RD-19585,Rob,Dowd,Consumer,United States,Henderson,Kentucky,42420,South,FUR-FU-10001918,Furniture,£33.11,4,£32.61,£132.44,£130.44,£2.00
1001,CA-2017-155488,11/13/2017,2017,Nov,Qtr4,Standard Class,FM-14290,Frank,Merwin,Home Office,United States,Vancouver,Washington,98661,West,OFF-AR-10002956,Office Supplies,£44.02,9,£43.34,£396.18,£390.06,£6.12
1002,CA-2016-124891,07/31/2016,2016,Jul,Qtr3,Same Day,RH-19495,Rick,Hansen,Consumer,United States,New York City,New York,10024,East,TEC-AC-10003033,Technology,"£2,309.65",1,"£2,308.89","£2,309.65","£2,308.89",£0.76
1003,CA-2016-124891,07/31/2016,2016,Jul,Qtr3,Same Day,RH-19495,Rick,Hansen,Consumer,United States,New York City,New York,10024,East,FUR-TA-10002903,Furniture,"£1,090.78",1,"£1,090.27","£1,090.78","£1,090.27",£0.51
1004,CA-2016-124891,07/31/2016,2016,Jul,Qtr3,Same Day,RH-19495,Rick,Hansen,Consumer,United States,New York City,New York,10024,East,OFF-PA-10004621,Office Supplies,£19.44,1,£18.98,£19.44,£18.98,£0.46
1005,CA-2016-126445,08/27/2016,2016,Aug,Qtr3,Standard Class,RA-19945,Ryan,Akin,Consumer,United States,Murrieta,California,92563,West,OFF-ST-10000046,Office Supplies,£484.65,9,£484.04,"£4,361.85","£4,356.36",£5.49
1006,CA-2016-111199,11/13/2016,2016,Nov,Qtr4,Standard Class,JK-15730,Joe,Kamberova,Consumer,United States,Jacksonville,North Carolina,28540,South,OFF-PA-10001790,Office Supplies,£115.30,2,£114.51,£230.59,£229.02,£1.57
1007,CA-2016-105312,06/11/2016,2016,Jun,Qtr2,First Class,MT-17815,Meg,Tillman,Consumer,United States,Scottsdale,Arizona,85254,West,OFF-EN-10002600,Office Supplies,£7.08,8,£6.22,£56.64,£49.76,£6.88
1008,CA-2016-105312,06/11/2016,2016,Jun,Qtr2,First Class,MT-17815,Meg,Tillman,Consumer,United States,Scottsdale,Arizona,85254,West,OFF-BI-10002049,Office Supplies,£4.40,8,£4.01,£35.21,£32.08,£3.13
1009,US-2018-106705,12/26/2018,2018,Dec,Qtr4,Standard Class,PO-18850,Patrick,O'Brill,Consumer,United States,Burlington,Iowa,52601,Central,OFF-PA-10001509,Office Supplies,£44.75,5,£44.31,£223.75,£221.55,£2.20
1010,CA-2018-135034,01/08/2018,2018,Jan,Qtr1,First Class,AT-10735,Annie,Thurman,Consumer,United States,Chicago,Illinois,60653,Central,TEC-PH-10003931,Technology,£95.98,6,£95.29,£575.90,£571.74,£4.16
1011,CA-2015-158540,11/24/2015,2015,Nov,Qtr4,First Class,VG-21790,Vivek,Gonzalez,Consumer,United States,San Diego,California,92037,West,FUR-FU-10001602,Furniture,£151.72,9,£151.56,"£1,365.48","£1,364.04",£1.44
1012,CA-2018-118437,06/17/2018,2018,Jun,Qtr2,Second Class,PF-19165,Philip,Fox,Consumer,United States,Olympia,Washington,98502,West,FUR-FU-10004848,Furniture,£155.25,9,£155.14,"£1,397.25","£1,396.26",£0.99
1013,CA-2018-118437,06/17/2018,2018,Jun,Qtr2,Second Class,PF-19165,Philip,Fox,Consumer,United States,Olympia,Washington,98502,West,OFF-ST-10003722,Office Supplies,£14.03,9,£13.25,£126.27,£119.25,£7.02
1014,US-2016-126214,12/21/2016,2016,Dec,Qtr4,Second Class,JS-15880,John,Stevenson,Consumer,United States,Seattle,Washington,98103,West,FUR-TA-10003748,Furniture,"£1,618.37",9,"£1,618.18","£14,565.33","£14,563.62",£1.71
1015,US-2016-126214,12/21/2016,2016,Dec,Qtr4,Second Class,JS-15880,John,Stevenson,Consumer,United States,Seattle,Washington,98103,West,TEC-AC-10003198,Technology,£99.60,9,£98.63,£896.40,£887.67,£8.73
1016,CA-2016-133025,09/17/2016,2016,Sep,Qtr3,Second Class,MO-17800,Meg,O'Connel,Home Office,United States,Los Angeles,California,90036,West,OFF-PA-10004100,Office Supplies,£32.40,9,£31.92,£291.60,£287.28,£4.32
1017,CA-2016-108665,06/07/2016,2016,Jun,Qtr2,Standard Class,KM-16225,Kalyca,Meade,Corporate,United States,New York City,New York,10011,East,FUR-FU-10002191,Furniture,£13.96,1,£13.03,£13.96,£13.03,£0.93
1018,CA-2016-108665,06/07/2016,2016,Jun,Qtr2,Standard Class,KM-16225,Kalyca,Meade,Corporate,United States,New York City,New York,10011,East,FUR-FU-10000965,Furniture,£155.82,1,£155.71,£155.82,£155.71,£0.11
1019,CA-2016-108665,06/07/2016,2016,Jun,Qtr2,Standard Class,KM-16225,Kalyca,Meade,Corporate,United States,New York City,New York,10011,East,TEC-PH-10004188,Technology,£124.95,1,£124.66,£124.95,£124.66,£0.29
1020,CA-2016-108665,06/07/2016,2016,Jun,Qtr2,Standard Class,KM-16225,Kalyca,Meade,Corporate,United States,New York City,New York,10011,East,OFF-ST-10001526,Office Supplies,£601.65,1,£601.55,£601.65,£601.55,£0.10
1021,CA-2016-124450,04/27/2016,2016,Apr,Qtr2,Standard Class,GT-14710,Greg,Tran,Consumer,United States,Washington,District Of Columbia,20016,East,OFF-AR-10001166,Office Supplies,£22.74,2,£22.15,£45.48,£44.30,£1.18
1022,CA-2016-124450,04/27/2016,2016,Apr,Qtr2,Standard Class,GT-14710,Greg,Tran,Consumer,United States,Washington,District Of Columbia,20016,East,FUR-CH-10000309,Furniture,"£1,267.53",2,"£1,267.26","£2,535.06","£2,534.52",£0.54
1023,CA-2016-124450,04/27/2016,2016,Apr,Qtr2,Standard Class,GT-14710,Greg,Tran,Consumer,United States,Washington,District Of Columbia,20016,East,TEC-MA-10004212,Technology,"£1,379.92",2,"£1,379.42","£2,759.84","£2,758.84",£1.00
1024,CA-2016-167269,06/16/2016,2016,Jun,Qtr2,Standard Class,PB-19150,Philip,Brown,Consumer,United States,Philadelphia,Pennsylvania,19134,East,OFF-EN-10003072,Office Supplies,£6.21,1,£6.04,£6.21,£6.04,£0.17
1025,CA-2018-106964,12/17/2018,2018,Dec,Qtr4,First Class,HR-14770,Hallie,Redmond,Home Office,United States,Los Angeles,California,90045,West,OFF-BI-10000320,Office Supplies,£11.81,9,£11.56,£106.27,£104.04,£2.23
1026,CA-2017-126529,11/01/2017,2017,Nov,Qtr4,Second Class,DE-13255,Deanra,Eno,Home Office,United States,Springfield,Ohio,45503,East,OFF-PA-10001166,Office Supplies,£15.55,4,£15.04,£62.21,£60.16,£2.05
1027,CA-2017-126529,11/01/2017,2017,Nov,Qtr4,Second Class,DE-13255,Deanra,Eno,Home Office,United States,Springfield,Ohio,45503,East,OFF-PA-10003656,Office Supplies,£63.31,4,£63.23,£253.25,£252.92,£0.33
1028,CA-2017-126529,11/01/2017,2017,Nov,Qtr4,Second Class,DE-13255,Deanra,Eno,Home Office,United States,Springfield,Ohio,45503,East,TEC-PH-10000148,Technology,£15.59,4,£15.50,£62.35,£62.00,£0.35
1029,CA-2015-163552,11/07/2015,2015,Nov,Qtr4,Standard Class,LA-16780,Laura,Armstrong,Corporate,United States,Hackensack,New Jersey,7601,East,OFF-PA-10000474,Office Supplies,£177.20,7,£176.99,"£1,240.40","£1,238.93",£1.47
1030,CA-2015-163552,11/07/2015,2015,Nov,Qtr4,Standard Class,LA-16780,Laura,Armstrong,Corporate,United States,Hackensack,New Jersey,7601,East,TEC-PH-10003885,Technology,£197.97,7,£197.65,"£1,385.79","£1,383.55",£2.24
1031,CA-2015-163552,11/07/2015,2015,Nov,Qtr4,Standard Class,LA-16780,Laura,Armstrong,Corporate,United States,Hackensack,New Jersey,7601,East,FUR-CH-10003379,Furniture,£854.94,7,£854.70,"£5,984.58","£5,982.90",£1.68
1032,CA-2015-163552,11/07/2015,2015,Nov,Qtr4,Standard Class,LA-16780,Laura,Armstrong,Corporate,United States,Hackensack,New Jersey,7601,East,FUR-FU-10000629,Furniture,£124.11,7,£123.48,£868.77,£864.36,£4.41
1033,CA-2015-163552,11/07/2015,2015,Nov,Qtr4,Standard Class,LA-16780,Laura,Armstrong,Corporate,United States,Hackensack,New Jersey,7601,East,OFF-LA-10001175,Office Supplies,£14.40,7,£13.61,£100.80,£95.27,£5.53
1034,CA-2017-109820,11/20/2017,2017,Nov,Qtr4,First Class,AG-10390,Allen,Goldenen,Consumer,United States,Cincinnati,Ohio,45231,East,OFF-PA-10000955,Office Supplies,£15.70,4,£15.49,£62.78,£61.96,£0.82
1035,CA-2017-109820,11/20/2017,2017,Nov,Qtr4,First Class,AG-10390,Allen,Goldenen,Consumer,United States,Cincinnati,Ohio,45231,East,OFF-BI-10003460,Office Supplies,£2.63,4,£2.43,£10.51,£9.72,£0.79
1036,CA-2017-109820,11/20/2017,2017,Nov,Qtr4,First Class,AG-10390,Allen,Goldenen,Consumer,United States,Cincinnati,Ohio,45231,East,OFF-BI-10000474,Office Supplies,£14.43,4,£13.89,£57.71,£55.56,£2.15
1037,CA-2017-113061,04/22/2017,2017,Apr,Qtr2,Standard Class,EL-13735,Ed,Ludwig,Home Office,United States,Jefferson City,Missouri,65109,Central,FUR-FU-10003975,Furniture,£86.62,6,£86.12,£519.72,£516.72,£3.00
1038,CA-2016-127418,06/13/2016,2016,Jun,Qtr2,First Class,JJ-15445,Jennifer,Jackson,Consumer,United States,Los Angeles,California,90004,West,OFF-BI-10003707,Office Supplies,£36.62,9,£35.71,£329.62,£321.39,£8.23
1039,CA-2018-121818,11/20/2018,2018,Nov,Qtr4,First Class,JH-15430,Jennifer,Halladay,Consumer,United States,Burlington,North Carolina,27217,South,OFF-AR-10000203,Office Supplies,£23.97,2,£23.57,£47.94,£47.14,£0.80
1040,CA-2018-121818,11/20/2018,2018,Nov,Qtr4,First Class,JH-15430,Jennifer,Halladay,Consumer,United States,Burlington,North Carolina,27217,South,OFF-AR-10004790,Office Supplies,£28.73,2,£28.47,£57.46,£56.94,£0.52
1041,CA-2017-127670,03/20/2017,2017,Mar,Qtr1,Standard Class,RD-19660,Robert,Dilbeck,Home Office,United States,Saint Peters,Missouri,63376,Central,FUR-TA-10001095,Furniture,£697.16,6,£697.14,"£4,182.96","£4,182.84",£0.12
1042,CA-2017-102981,06/09/2017,2017,Jun,Qtr2,Second Class,MO-17500,Mary,O'Rourke,Consumer,United States,New York City,New York,10035,East,TEC-AC-10004761,Technology,£31.86,1,£31.06,£31.86,£31.06,£0.80
1043,CA-2017-102981,06/09/2017,2017,Jun,Qtr2,Second Class,MO-17500,Mary,O'Rourke,Consumer,United States,New York City,New York,10035,East,FUR-BO-10001811,Furniture,£722.35,1,£721.86,£722.35,£721.86,£0.49
1044,CA-2018-115651,09/07/2018,2018,Sep,Qtr3,First Class,NS-18640,Noel,Staavos,Corporate,United States,Chicago,Illinois,60610,Central,OFF-AR-10001130,Office Supplies,£8.84,6,£8.27,£53.04,£49.62,£3.42
1045,CA-2018-115651,09/07/2018,2018,Sep,Qtr3,First Class,NS-18640,Noel,Staavos,Corporate,United States,Chicago,Illinois,60610,Central,OFF-AP-10000055,Office Supplies,£58.46,6,£58.24,£350.78,£349.44,£1.34
1046,CA-2018-152702,12/10/2018,2018,Dec,Qtr4,Standard Class,SN-20710,Steve,Nguyen,Home Office,United States,Rockford,Illinois,61107,Central,FUR-CH-10002304,Furniture,£254.60,6,£254.22,"£1,527.62","£1,525.32",£2.30
1047,CA-2017-169103,08/03/2017,2017,Aug,Qtr3,Standard Class,ZC-21910,Zuschuss,Carroll,Consumer,United States,Miami,Florida,33142,South,TEC-PH-10001530,Technology,"£1,363.96",3,"£1,363.84","£4,091.88","£4,091.52",£0.36
1048,CA-2017-169103,08/03/2017,2017,Aug,Qtr3,Standard Class,ZC-21910,Zuschuss,Carroll,Consumer,United States,Miami,Florida,33142,South,FUR-FU-10004006,Furniture,£102.36,3,£101.47,£307.08,£304.41,£2.67
1049,CA-2015-139192,05/27/2015,2015,May,Qtr2,Second Class,LC-16885,Lena,Creighton,Consumer,United States,San Francisco,California,94109,West,TEC-PH-10000486,Technology,"£1,113.50",9,"£1,113.45","£10,021.54","£10,021.05",£0.49
1050,CA-2015-139192,05/27/2015,2015,May,Qtr2,Second Class,LC-16885,Lena,Creighton,Consumer,United States,San Francisco,California,94109,West,TEC-AC-10001606,Technology,£99.99,9,£99.38,£899.91,£894.42,£5.49
1051,US-2016-153500,03/07/2016,2016,Mar,Qtr1,First Class,DG-13300,Deirdre,Greer,Corporate,United States,Philadelphia,Pennsylvania,19134,East,FUR-FU-10000293,Furniture,£168.46,1,£168.38,£168.46,£168.38,£0.08
1052,US-2016-153500,03/07/2016,2016,Mar,Qtr1,First Class,DG-13300,Deirdre,Greer,Corporate,United States,Philadelphia,Pennsylvania,19134,East,OFF-PA-10001307,Office Supplies,£6.72,1,£6.39,£6.72,£6.39,£0.33
1053,US-2016-153500,03/07/2016,2016,Mar,Qtr1,First Class,DG-13300,Deirdre,Greer,Corporate,United States,Philadelphia,Pennsylvania,19134,East,FUR-FU-10004460,Furniture,£282.89,1,£282.12,£282.89,£282.12,£0.77
1054,CA-2016-110667,04/04/2016,2016,Apr,Qtr2,Standard Class,NF-18595,Nicole,Fjeld,Home Office,United States,New York City,New York,10009,East,OFF-AR-10000716,Office Supplies,£11.16,1,£10.72,£11.16,£10.72,£0.44
1055,CA-2016-110667,04/04/2016,2016,Apr,Qtr2,Standard Class,NF-18595,Nicole,Fjeld,Home Office,United States,New York City,New York,10009,East,FUR-FU-10004622,Furniture,£108.40,1,£107.97,£108.40,£107.97,£0.43
1056,CA-2016-110667,04/04/2016,2016,Apr,Qtr2,Standard Class,NF-18595,Nicole,Fjeld,Home Office,United States,New York City,New York,10009,East,OFF-BI-10002735,Office Supplies,£82.34,1,£82.25,£82.34,£82.25,£0.09
1057,CA-2016-110667,04/04/2016,2016,Apr,Qtr2,Standard Class,NF-18595,Nicole,Fjeld,Home Office,United States,New York City,New York,10009,East,OFF-BI-10003529,Office Supplies,£9.09,1,£8.58,£9.09,£8.58,£0.51
1058,CA-2018-167150,10/12/2018,2018,Oct,Qtr4,Standard Class,BP-11185,Ben,Peterman,Corporate,United States,San Diego,California,92037,West,OFF-BI-10001097,Office Supplies,£19.94,9,£19.71,£179.42,£177.39,£2.03
1059,CA-2018-167150,10/12/2018,2018,Oct,Qtr4,Standard Class,BP-11185,Ben,Peterman,Corporate,United States,San Diego,California,92037,West,OFF-BI-10001597,Office Supplies,£65.57,9,£65.56,£590.11,£590.04,£0.07
1060,CA-2017-105284,11/24/2017,2017,Nov,Qtr4,Standard Class,MG-17650,Matthew,Grinstein,Home Office,United States,Philadelphia,Pennsylvania,19143,East,OFF-FA-10001754,Office Supplies,£4.42,1,£3.72,£4.42,£3.72,£0.70
1061,US-2016-125374,03/23/2016,2016,Mar,Qtr1,Standard Class,JD-16060,Julia,Dunbar,Consumer,United States,Houston,Texas,77095,Central,FUR-CH-10003396,Furniture,£107.77,7,£107.11,£754.40,£749.77,£4.63
1062,CA-2016-161263,04/16/2016,2016,Apr,Qtr2,Standard Class,TS-21160,Theresa,Swint,Corporate,United States,Toledo,Ohio,43615,East,OFF-AP-10002350,Office Supplies,£45.22,4,£44.86,£180.86,£179.44,£1.42
1063,CA-2016-161263,04/16/2016,2016,Apr,Qtr2,Standard Class,TS-21160,Theresa,Swint,Corporate,United States,Toledo,Ohio,43615,East,OFF-FA-10004838,Office Supplies,£10.42,4,£10.07,£41.66,£40.28,£1.38
1064,CA-2016-161263,04/16/2016,2016,Apr,Qtr2,Standard Class,TS-21160,Theresa,Swint,Corporate,United States,Toledo,Ohio,43615,East,OFF-AR-10004757,Office Supplies,£7.87,4,£6.89,£31.49,£27.56,£3.93
1065,CA-2016-161263,04/16/2016,2016,Apr,Qtr2,Standard Class,TS-21160,Theresa,Swint,Corporate,United States,Toledo,Ohio,43615,East,TEC-PH-10002115,Technology,£118.78,4,£117.94,£475.13,£471.76,£3.37
1066,CA-2016-161263,04/16/2016,2016,Apr,Qtr2,Standard Class,TS-21160,Theresa,Swint,Corporate,United States,Toledo,Ohio,43615,East,OFF-FA-10003059,Office Supplies,£1.45,4,£1.02,£5.79,£4.08,£1.71
1067,CA-2016-161263,04/16/2016,2016,Apr,Qtr2,Standard Class,TS-21160,Theresa,Swint,Corporate,United States,Toledo,Ohio,43615,East,OFF-BI-10004330,Office Supplies,£55.47,4,£55.24,£221.88,£220.96,£0.92
1068,CA-2017-157686,01/10/2017,2017,Jan,Qtr1,First Class,BD-11620,Brian,DeCherney,Consumer,United States,San Francisco,California,94122,West,FUR-CH-10001146,Furniture,£194.85,9,£194.79,"£1,753.63","£1,753.11",£0.52
1069,US-2018-139955,09/28/2018,2018,Sep,Qtr3,Second Class,CM-12160,Charles,McCrossin,Consumer,United States,Brownsville,Texas,78521,Central,OFF-SU-10001935,Office Supplies,£1.74,7,£0.85,£12.21,£5.95,£6.26
1070,US-2016-150161,07/25/2016,2016,Jul,Qtr3,Standard Class,RB-19795,Ross,Baird,Home Office,United States,Philadelphia,Pennsylvania,19143,East,OFF-BI-10001524,Office Supplies,£25.18,1,£24.35,£25.18,£24.35,£0.83
1071,CA-2016-144652,11/20/2016,2016,Nov,Qtr4,Standard Class,SN-20560,Skye,Norling,Home Office,United States,Los Angeles,California,90008,West,OFF-AR-10003732,Office Supplies,£19.46,9,£18.90,£175.14,£170.10,£5.04
1072,CA-2017-152814,04/28/2017,2017,Apr,Qtr2,Standard Class,EH-14005,Erica,Hernandez,Home Office,United States,Denver,Colorado,80219,West,OFF-PA-10001970,Office Supplies,£29.47,8,£28.52,£235.78,£228.16,£7.62
1073,CA-2018-106943,11/14/2018,2018,Nov,Qtr4,Standard Class,FO-14305,Frank,Olsen,Consumer,United States,New York City,New York,10035,East,OFF-BI-10003669,Office Supplies,£8.64,1,£7.76,£8.64,£7.76,£0.88
1074,CA-2017-134348,12/11/2017,2017,Dec,Qtr4,Standard Class,MS-17710,Maurice,Satty,Consumer,United States,Mesa,Arizona,85204,West,OFF-BI-10003727,Office Supplies,£6.27,8,£5.54,£50.16,£44.32,£5.84
1075,CA-2017-134348,12/11/2017,2017,Dec,Qtr4,Standard Class,MS-17710,Maurice,Satty,Consumer,United States,Mesa,Arizona,85204,West,OFF-BI-10004967,Office Supplies,£4.37,8,£4.12,£34.94,£32.96,£1.98
1076,CA-2017-134348,12/11/2017,2017,Dec,Qtr4,Standard Class,MS-17710,Maurice,Satty,Consumer,United States,Mesa,Arizona,85204,West,TEC-AC-10003447,Technology,£31.98,8,£31.32,£255.87,£250.56,£5.31
1077,CA-2017-161781,09/29/2017,2017,Sep,Qtr3,First Class,CC-12100,Chad,Cunningham,Home Office,United States,Columbus,Indiana,47201,Central,OFF-AR-10000255,Office Supplies,£40.88,4,£40.83,£163.52,£163.32,£0.20
1078,CA-2018-132521,09/23/2018,2018,Sep,Qtr3,Second Class,DW-13540,Don,Weiss,Consumer,United States,Seattle,Washington,98105,West,OFF-AP-10002191,Office Supplies,£119.96,9,£119.86,"£1,079.64","£1,078.74",£0.90
1079,CA-2018-132521,09/23/2018,2018,Sep,Qtr3,Second Class,DW-13540,Don,Weiss,Consumer,United States,Seattle,Washington,98105,West,OFF-ST-10001325,Office Supplies,£31.44,9,£30.57,£282.96,£275.13,£7.83
1080,CA-2018-132521,09/23/2018,2018,Sep,Qtr3,Second Class,DW-13540,Don,Weiss,Consumer,United States,Seattle,Washington,98105,West,OFF-BI-10000404,Office Supplies,£6.88,9,£6.42,£61.92,£57.78,£4.14
1081,CA-2016-110016,11/29/2016,2016,Nov,Qtr4,Standard Class,BT-11395,Bill,Tyler,Corporate,United States,Detroit,Michigan,48227,Central,OFF-PA-10000349,Office Supplies,£19.92,4,£19.09,£79.68,£76.36,£3.32
1082,CA-2016-110016,11/29/2016,2016,Nov,Qtr4,Standard Class,BT-11395,Bill,Tyler,Corporate,United States,Detroit,Michigan,48227,Central,FUR-CH-10002880,Furniture,"£1,106.91",4,"£1,106.48","£4,427.64","£4,425.92",£1.72
1083,US-2017-143819,01/03/2017,2017,Jan,Qtr1,Standard Class,KD-16270,Karen,Daniels,Consumer,United States,Yonkers,New York,10701,East,FUR-TA-10001095,Furniture,£836.59,1,£836.24,£836.59,£836.24,£0.35
1084,US-2017-143819,01/03/2017,2017,Jan,Qtr1,Standard Class,KD-16270,Karen,Daniels,Consumer,United States,Yonkers,New York,10701,East,OFF-PA-10003127,Office Supplies,£26.38,1,£26.13,£26.38,£26.13,£0.25
1085,US-2017-143819,01/03/2017,2017,Jan,Qtr1,Standard Class,KD-16270,Karen,Daniels,Consumer,United States,Yonkers,New York,10701,East,OFF-ST-10003208,Office Supplies,£362.92,1,£362.29,£362.92,£362.29,£0.63
1086,US-2017-143819,01/03/2017,2017,Jan,Qtr1,Standard Class,KD-16270,Karen,Daniels,Consumer,United States,Yonkers,New York,10701,East,TEC-MA-10003979,Technology,"£4,899.93",1,"£4,899.48","£4,899.93","£4,899.48",£0.45
1087,CA-2017-167584,12/08/2017,2017,Dec,Qtr4,Same Day,LC-16870,Lena,Cacioppo,Consumer,United States,Des Moines,Iowa,50315,Central,OFF-PA-10000029,Office Supplies,£6.48,5,£6.48,£32.40,£32.40,£0.00
1088,CA-2017-166163,08/15/2017,2017,Aug,Qtr3,Second Class,CY-12745,Craig,Yedwab,Corporate,United States,Oakland,California,94601,West,TEC-PH-10004896,Technology,£71.98,9,£71.17,£647.78,£640.53,£7.25
1089,CA-2017-166163,08/15/2017,2017,Aug,Qtr3,Second Class,CY-12745,Craig,Yedwab,Corporate,United States,Oakland,California,94601,West,OFF-LA-10000452,Office Supplies,£3.15,9,£2.16,£28.35,£19.44,£8.91
1090,CA-2018-158407,04/06/2018,2018,Apr,Qtr2,Standard Class,LW-16990,Lindsay,Williams,Corporate,United States,Monroe,North Carolina,28110,South,FUR-FU-10001967,Furniture,£31.98,2,£31.25,£63.97,£62.50,£1.47
1091,CA-2018-158407,04/06/2018,2018,Apr,Qtr2,Standard Class,LW-16990,Lindsay,Williams,Corporate,United States,Monroe,North Carolina,28110,South,TEC-PH-10001819,Technology,£71.98,2,£71.13,£143.97,£142.26,£1.71
1092,CA-2016-143490,06/12/2016,2016,Jun,Qtr2,Standard Class,NP-18325,Naresj,Patel,Consumer,United States,San Diego,California,92105,West,OFF-AR-10002952,Office Supplies,£120.15,9,£119.85,"£1,081.35","£1,078.65",£2.70
1093,CA-2016-143490,06/12/2016,2016,Jun,Qtr2,Standard Class,NP-18325,Naresj,Patel,Consumer,United States,San Diego,California,92105,West,TEC-PH-10000576,Technology,£219.18,9,£218.69,"£1,972.66","£1,968.21",£4.45
1094,CA-2016-165085,12/27/2016,2016,Dec,Qtr4,Standard Class,BT-11485,Brad,Thomas,Home Office,United States,Clinton,Maryland,20735,East,OFF-PA-10000605,Office Supplies,£28.90,2,£27.90,£57.80,£55.80,£2.00
1095,CA-2016-165085,12/27/2016,2016,Dec,Qtr4,Standard Class,BT-11485,Brad,Thomas,Home Office,United States,Clinton,Maryland,20735,East,OFF-AP-10002518,Office Supplies,£355.96,2,£355.72,£711.92,£711.44,£0.48
1096,CA-2018-160423,01/21/2018,2018,Jan,Qtr1,Standard Class,PS-19045,Penelope,Sewall,Home Office,United States,Charlotte,North Carolina,28205,South,OFF-ST-10004340,Office Supplies,£348.21,2,£347.79,£696.42,£695.58,£0.84
1097,CA-2018-160423,01/21/2018,2018,Jan,Qtr1,Standard Class,PS-19045,Penelope,Sewall,Home Office,United States,Charlotte,North Carolina,28205,South,OFF-BI-10004001,Office Supplies,£35.78,2,£35.78,£71.57,£71.56,£0.01
1098,CA-2015-159338,06/25/2015,2015,Jun,Qtr2,First Class,NS-18640,Noel,Staavos,Corporate,United States,Los Angeles,California,90049,West,FUR-TA-10004147,Furniture,£447.84,9,£447.43,"£4,030.56","£4,026.87",£3.69
1099,CA-2017-107216,06/14/2017,2017,Jun,Qtr2,First Class,PV-18985,Paul,Van,Home Office,United States,San Francisco,California,94122,West,OFF-AR-10001545,Office Supplies,£7.04,9,£6.24,£63.36,£56.16,£7.20
1100,CA-2017-107216,06/14/2017,2017,Jun,Qtr2,First Class,PV-18985,Paul,Van,Home Office,United States,San Francisco,California,94122,West,FUR-FU-10000206,Furniture,£8.73,9,£7.75,£78.57,£69.75,£8.82
1101,CA-2017-107216,06/14/2017,2017,Jun,Qtr2,First Class,PV-18985,Paul,Van,Home Office,United States,San Francisco,California,94122,West,TEC-AC-10001013,Technology,£29.29,9,£29.09,£263.61,£261.81,£1.80
1102,CA-2017-107216,06/14/2017,2017,Jun,Qtr2,First Class,PV-18985,Paul,Van,Home Office,United States,San Francisco,California,94122,West,OFF-AR-10002255,Office Supplies,£8.64,9,£7.79,£77.76,£70.11,£7.65
1103,US-2018-145863,04/21/2018,2018,Apr,Qtr2,Standard Class,RP-19390,Resi,Pölking,Consumer,United States,Houston,Texas,77041,Central,OFF-BI-10004140,Office Supplies,£2.69,7,£2.64,£18.86,£18.48,£0.38
1104,US-2018-145863,04/21/2018,2018,Apr,Qtr2,Standard Class,RP-19390,Resi,Pölking,Consumer,United States,Houston,Texas,77041,Central,OFF-BI-10002049,Office Supplies,£2.93,7,£2.77,£20.54,£19.39,£1.15
1105,CA-2017-112340,10/21/2017,2017,Oct,Qtr4,Standard Class,NM-18520,Neoma,Murray,Consumer,United States,Riverside,California,92503,West,OFF-PA-10001892,Office Supplies,£22.92,9,£22.08,£206.28,£198.72,£7.56
1106,US-2017-110156,11/19/2017,2017,Nov,Qtr4,Standard Class,EH-13945,Eric,Hoffmann,Consumer,United States,Houston,Texas,77041,Central,OFF-ST-10000642,Office Supplies,£100.70,7,£100.68,£704.93,£704.76,£0.17
1107,US-2017-110156,11/19/2017,2017,Nov,Qtr4,Standard Class,EH-13945,Eric,Hoffmann,Consumer,United States,Houston,Texas,77041,Central,FUR-FU-10000206,Furniture,£2.33,7,£2.32,£16.30,£16.24,£0.06
1108,US-2017-110156,11/19/2017,2017,Nov,Qtr4,Standard Class,EH-13945,Eric,Hoffmann,Consumer,United States,Houston,Texas,77041,Central,OFF-BI-10003676,Office Supplies,£10.78,7,£9.90,£75.46,£69.30,£6.16
1109,US-2017-110156,11/19/2017,2017,Nov,Qtr4,Standard Class,EH-13945,Eric,Hoffmann,Consumer,United States,Houston,Texas,77041,Central,OFF-FA-10003495,Office Supplies,£58.37,7,£57.92,£408.58,£405.44,£3.14
1110,US-2017-110156,11/19/2017,2017,Nov,Qtr4,Standard Class,EH-13945,Eric,Hoffmann,Consumer,United States,Houston,Texas,77041,Central,OFF-EN-10003798,Office Supplies,£40.97,7,£40.93,£286.78,£286.51,£0.27
1111,US-2017-110156,11/19/2017,2017,Nov,Qtr4,Standard Class,EH-13945,Eric,Hoffmann,Consumer,United States,Houston,Texas,77041,Central,TEC-PH-10003589,Technology,£71.96,7,£71.29,£503.72,£499.03,£4.69
1112,US-2017-110156,11/19/2017,2017,Nov,Qtr4,Standard Class,EH-13945,Eric,Hoffmann,Consumer,United States,Houston,Texas,77041,Central,OFF-PA-10004735,Office Supplies,£10.37,7,£9.60,£72.58,£67.20,£5.38
1113,US-2017-110156,11/19/2017,2017,Nov,Qtr4,Standard Class,EH-13945,Eric,Hoffmann,Consumer,United States,Houston,Texas,77041,Central,OFF-BI-10002609,Office Supplies,£1.19,7,£1.10,£8.34,£7.70,£0.64
1114,CA-2018-140585,12/18/2018,2018,Dec,Qtr4,Second Class,RA-19915,Russell,Applegate,Consumer,United States,Encinitas,California,92024,West,OFF-BI-10003364,Office Supplies,£46.67,9,£46.01,£420.05,£414.09,£5.96
1115,CA-2018-140585,12/18/2018,2018,Dec,Qtr4,Second Class,RA-19915,Russell,Applegate,Consumer,United States,Encinitas,California,92024,West,FUR-BO-10002206,Furniture,£119.83,9,£119.49,"£1,078.50","£1,075.41",£3.09
1116,CA-2018-140585,12/18/2018,2018,Dec,Qtr4,Second Class,RA-19915,Russell,Applegate,Consumer,United States,Encinitas,California,92024,West,TEC-AC-10003610,Technology,£119.98,9,£119.77,"£1,079.82","£1,077.93",£1.89
1117,CA-2017-144855,07/22/2017,2017,Jul,Qtr3,Second Class,DL-13495,Dionis,Lloyd,Corporate,United States,San Francisco,California,94110,West,OFF-LA-10003766,Office Supplies,£6.30,9,£6.14,£56.70,£55.26,£1.44
1118,CA-2016-142755,04/09/2016,2016,Apr,Qtr2,Standard Class,CS-12355,Christine,Sundaresam,Consumer,United States,Roswell,Georgia,30076,South,OFF-PA-10001970,Office Supplies,£279.90,3,£279.45,£839.70,£838.35,£1.35
1119,CA-2016-142755,04/09/2016,2016,Apr,Qtr2,Standard Class,CS-12355,Christine,Sundaresam,Consumer,United States,Roswell,Georgia,30076,South,TEC-AC-10002049,Technology,£619.95,3,£619.12,"£1,859.85","£1,857.36",£2.49
1120,CA-2016-142755,04/09/2016,2016,Apr,Qtr2,Standard Class,CS-12355,Christine,Sundaresam,Consumer,United States,Roswell,Georgia,30076,South,OFF-PA-10000141,Office Supplies,£4.36,3,£3.73,£13.08,£11.19,£1.89
1121,CA-2016-142755,04/09/2016,2016,Apr,Qtr2,Standard Class,CS-12355,Christine,Sundaresam,Consumer,United States,Roswell,Georgia,30076,South,OFF-EN-10004459,Office Supplies,£15.28,3,£14.37,£45.84,£43.11,£2.73
1122,US-2015-147627,01/20/2015,2015,Jan,Qtr1,Standard Class,HL-15040,Hunter,Lopez,Consumer,United States,Jonesboro,Arkansas,72401,South,TEC-PH-10001061,Technology,£699.93,7,£699.67,"£4,899.51","£4,897.69",£1.82
1123,US-2015-147627,01/20/2015,2015,Jan,Qtr1,Standard Class,HL-15040,Hunter,Lopez,Consumer,United States,Jonesboro,Arkansas,72401,South,OFF-AR-10002375,Office Supplies,£22.96,7,£22.20,£160.72,£155.40,£5.32
1124,US-2015-147627,01/20/2015,2015,Jan,Qtr1,Standard Class,HL-15040,Hunter,Lopez,Consumer,United States,Jonesboro,Arkansas,72401,South,FUR-FU-10003194,Furniture,£38.60,7,£38.22,£270.20,£267.54,£2.66
1125,US-2015-147627,01/20/2015,2015,Jan,Qtr1,Standard Class,HL-15040,Hunter,Lopez,Consumer,United States,Jonesboro,Arkansas,72401,South,OFF-AR-10003811,Office Supplies,£6.63,7,£6.15,£46.41,£43.05,£3.36
1126,US-2015-147627,01/20/2015,2015,Jan,Qtr1,Standard Class,HL-15040,Hunter,Lopez,Consumer,United States,Jonesboro,Arkansas,72401,South,OFF-EN-10001539,Office Supplies,£23.34,7,£22.41,£163.38,£156.87,£6.51
1127,US-2015-147627,01/20/2015,2015,Jan,Qtr1,Standard Class,HL-15040,Hunter,Lopez,Consumer,United States,Jonesboro,Arkansas,72401,South,FUR-CH-10002331,Furniture,"£1,067.94",7,"£1,067.08","£7,475.58","£7,469.56",£6.02
1128,CA-2016-105970,02/03/2016,2016,Feb,Qtr1,Standard Class,PA-19060,Pete,Armstrong,Home Office,United States,Richmond,Indiana,47374,Central,OFF-AR-10003156,Office Supplies,£10.16,4,£9.45,£40.64,£37.80,£2.84
1129,CA-2016-105970,02/03/2016,2016,Feb,Qtr1,Standard Class,PA-19060,Pete,Armstrong,Home Office,United States,Richmond,Indiana,47374,Central,OFF-EN-10001532,Office Supplies,£101.88,4,£101.58,£407.52,£406.32,£1.20
1130,CA-2017-112102,12/04/2017,2017,Dec,Qtr4,Standard Class,BD-11605,Brian,Dahlen,Consumer,United States,Springfield,Virginia,22153,South,FUR-TA-10004086,Furniture,£343.92,2,£343.14,£687.84,£686.28,£1.56
1131,CA-2017-112102,12/04/2017,2017,Dec,Qtr4,Standard Class,BD-11605,Brian,Dahlen,Consumer,United States,Springfield,Virginia,22153,South,OFF-PA-10000100,Office Supplies,£40.99,2,£40.98,£81.98,£81.96,£0.02
1132,CA-2017-112102,12/04/2017,2017,Dec,Qtr4,Standard Class,BD-11605,Brian,Dahlen,Consumer,United States,Springfield,Virginia,22153,South,OFF-EN-10002500,Office Supplies,£63.90,2,£63.42,£127.80,£126.84,£0.96
1133,US-2017-114776,06/12/2017,2017,Jun,Qtr2,First Class,GG-14650,Greg,Guthrie,Corporate,United States,Antioch,California,94509,West,OFF-PA-10004100,Office Supplies,£19.44,9,£18.98,£174.96,£170.82,£4.14
1134,US-2017-134908,05/06/2017,2017,May,Qtr2,Standard Class,JS-15940,Joni,Sundaresam,Home Office,United States,Philadelphia,Pennsylvania,19134,East,OFF-ST-10003479,Office Supplies,£124.61,1,£124.07,£124.61,£124.07,£0.54
1135,US-2017-134908,05/06/2017,2017,May,Qtr2,Standard Class,JS-15940,Joni,Sundaresam,Home Office,United States,Philadelphia,Pennsylvania,19134,East,OFF-LA-10000973,Office Supplies,£7.56,1,£6.98,£7.56,£6.98,£0.58
1136,US-2017-148803,11/12/2017,2017,Nov,Qtr4,Same Day,LR-16915,Lena,Radford,Consumer,United States,Homestead,Florida,33030,South,OFF-ST-10001476,Office Supplies,£85.22,3,£85.09,£255.67,£255.27,£0.40
1137,CA-2017-152170,12/11/2017,2017,Dec,Qtr4,Second Class,FH-14275,Frank,Hawley,Corporate,United States,La Porte,Indiana,46350,Central,OFF-EN-10002831,Office Supplies,£287.52,4,£287.48,"£1,150.08","£1,149.92",£0.16
1138,CA-2017-152170,12/11/2017,2017,Dec,Qtr4,Second Class,FH-14275,Frank,Hawley,Corporate,United States,La Porte,Indiana,46350,Central,OFF-AP-10002350,Office Supplies,£37.68,4,£37.68,£150.72,£150.72,£0.00
1139,CA-2017-152170,12/11/2017,2017,Dec,Qtr4,Second Class,FH-14275,Frank,Hawley,Corporate,United States,La Porte,Indiana,46350,Central,OFF-PA-10001763,Office Supplies,£19.98,4,£19.01,£79.92,£76.04,£3.88
1140,CA-2017-152170,12/11/2017,2017,Dec,Qtr4,Second Class,FH-14275,Frank,Hawley,Corporate,United States,La Porte,Indiana,46350,Central,OFF-AR-10003394,Office Supplies,£20.58,4,£20.44,£82.32,£81.76,£0.56
1141,CA-2017-152170,12/11/2017,2017,Dec,Qtr4,Second Class,FH-14275,Frank,Hawley,Corporate,United States,La Porte,Indiana,46350,Central,OFF-BI-10002072,Office Supplies,£17.38,4,£16.85,£69.52,£67.40,£2.12
1142,CA-2015-146969,09/29/2015,2015,Sep,Qtr3,Standard Class,AP-10915,Arthur,Prichep,Consumer,United States,Los Angeles,California,90045,West,FUR-FU-10004188,Furniture,£204.60,9,£203.77,"£1,841.40","£1,833.93",£7.47
1143,CA-2015-146969,09/29/2015,2015,Sep,Qtr3,Standard Class,AP-10915,Arthur,Prichep,Consumer,United States,Los Angeles,California,90045,West,OFF-FA-10001561,Office Supplies,£8.72,9,£7.97,£78.48,£71.73,£6.75
1144,CA-2015-146969,09/29/2015,2015,Sep,Qtr3,Standard Class,AP-10915,Arthur,Prichep,Consumer,United States,Los Angeles,California,90045,West,OFF-PA-10002105,Office Supplies,£6.48,9,£6.20,£58.32,£55.80,£2.52
1145,CA-2015-146969,09/29/2015,2015,Sep,Qtr3,Standard Class,AP-10915,Arthur,Prichep,Consumer,United States,Los Angeles,California,90045,West,TEC-MA-10004241,Technology,£686.32,9,£685.34,"£6,176.88","£6,168.06",£8.82
1146,CA-2015-146969,09/29/2015,2015,Sep,Qtr3,Standard Class,AP-10915,Arthur,Prichep,Consumer,United States,Los Angeles,California,90045,West,OFF-ST-10004340,Office Supplies,£62.18,9,£61.32,£559.62,£551.88,£7.74
1147,CA-2016-112452,04/04/2016,2016,Apr,Qtr2,Same Day,NC-18340,Nat,Carroll,Consumer,United States,Lansing,Michigan,48911,Central,OFF-AP-10003849,Office Supplies,£644.08,4,£643.51,"£2,576.30","£2,574.04",£2.26
1148,CA-2016-112452,04/04/2016,2016,Apr,Qtr2,Same Day,NC-18340,Nat,Carroll,Consumer,United States,Lansing,Michigan,48911,Central,OFF-FA-10000735,Office Supplies,£5.84,4,£4.95,£23.36,£19.80,£3.56
1149,CA-2016-112452,04/04/2016,2016,Apr,Qtr2,Same Day,NC-18340,Nat,Carroll,Consumer,United States,Lansing,Michigan,48911,Central,OFF-BI-10003350,Office Supplies,£12.76,4,£12.21,£51.04,£48.84,£2.20
1150,CA-2016-112452,04/04/2016,2016,Apr,Qtr2,Same Day,NC-18340,Nat,Carroll,Consumer,United States,Lansing,Michigan,48911,Central,TEC-PH-10000307,Technology,£10.95,4,£10.18,£43.80,£40.72,£3.08
1151,CA-2016-112452,04/04/2016,2016,Apr,Qtr2,Same Day,NC-18340,Nat,Carroll,Consumer,United States,Lansing,Michigan,48911,Central,TEC-CO-10004202,Technology,£599.98,4,£599.61,"£2,399.92","£2,398.44",£1.48
1152,CA-2016-113971,08/05/2016,2016,Aug,Qtr3,Standard Class,CB-12535,Claudia,Bergmann,Corporate,United States,Cuyahoga Falls,Ohio,44221,East,FUR-FU-10001852,Furniture,£8.35,4,£8.28,£33.41,£33.12,£0.29
1153,CA-2017-160395,12/31/2017,2017,Dec,Qtr4,Standard Class,KL-16555,Kelly,Lampkin,Corporate,United States,Reno,Nevada,89502,West,OFF-AR-10003759,Office Supplies,£3.64,8,£3.56,£29.12,£28.48,£0.64
1154,CA-2017-160395,12/31/2017,2017,Dec,Qtr4,Standard Class,KL-16555,Kelly,Lampkin,Corporate,United States,Reno,Nevada,89502,West,OFF-BI-10003984,Office Supplies,£159.77,8,£158.89,"£1,278.14","£1,271.12",£7.02
1155,CA-2015-136567,12/20/2015,2015,Dec,Qtr4,First Class,PS-19045,Penelope,Sewall,Home Office,United States,Harrisonburg,Virginia,22801,South,OFF-ST-10004337,Office Supplies,£122.48,2,£122.47,£244.96,£244.94,£0.02
1156,CA-2015-136567,12/20/2015,2015,Dec,Qtr4,First Class,PS-19045,Penelope,Sewall,Home Office,United States,Harrisonburg,Virginia,22801,South,FUR-TA-10001932,Furniture,"£2,244.48",2,"£2,244.20","£4,488.96","£4,488.40",£0.56
1157,CA-2015-136567,12/20/2015,2015,Dec,Qtr4,First Class,PS-19045,Penelope,Sewall,Home Office,United States,Harrisonburg,Virginia,22801,South,OFF-BI-10003982,Office Supplies,£62.31,2,£61.91,£124.62,£123.82,£0.80
1158,CA-2015-136567,12/20/2015,2015,Dec,Qtr4,First Class,PS-19045,Penelope,Sewall,Home Office,United States,Harrisonburg,Virginia,22801,South,FUR-TA-10000617,Furniture,£455.10,2,£454.70,£910.20,£909.40,£0.80
1159,CA-2017-149314,02/07/2017,2017,Feb,Qtr1,Second Class,GB-14530,George,Bell,Corporate,United States,Los Angeles,California,90004,West,FUR-CH-10002126,Furniture,£195.18,9,£195.02,"£1,756.66","£1,755.18",£1.48
1160,CA-2018-147039,06/29/2018,2018,Jun,Qtr2,Standard Class,AA-10315,Alex,Avila,Consumer,United States,Minneapolis,Minnesota,55407,Central,OFF-AP-10000576,Office Supplies,£362.94,5,£362.70,"£1,814.70","£1,813.50",£1.20
1161,CA-2018-147039,06/29/2018,2018,Jun,Qtr2,Standard Class,AA-10315,Alex,Avila,Consumer,United States,Minneapolis,Minnesota,55407,Central,OFF-BI-10004654,Office Supplies,£11.54,5,£10.84,£57.70,£54.20,£3.50
1162,CA-2015-126522,01/09/2015,2015,Jan,Qtr1,Second Class,LT-16765,Larry,Tron,Consumer,United States,Escondido,California,92025,West,OFF-AR-10004042,Office Supplies,£53.94,9,£53.63,£485.46,£482.67,£2.79
1163,CA-2015-127964,03/03/2015,2015,Mar,Qtr1,Standard Class,AP-10720,Anne,Pryor,Home Office,United States,New York City,New York,10035,East,TEC-PH-10004700,Technology,£9.99,1,£9.05,£9.99,£9.05,£0.94
1164,CA-2015-127964,03/03/2015,2015,Mar,Qtr1,Standard Class,AP-10720,Anne,Pryor,Home Office,United States,New York City,New York,10035,East,OFF-BI-10004593,Office Supplies,£125.76,1,£125.64,£125.76,£125.64,£0.12
1165,CA-2015-127964,03/03/2015,2015,Mar,Qtr1,Standard Class,AP-10720,Anne,Pryor,Home Office,United States,New York City,New York,10035,East,OFF-BI-10003429,Office Supplies,£25.32,1,£24.97,£25.32,£24.97,£0.35
1166,CA-2015-117709,04/05/2015,2015,Apr,Qtr2,Standard Class,PM-18940,Paul,MacIntyre,Consumer,United States,Jackson,Michigan,49201,Central,OFF-BI-10001294,Office Supplies,£46.80,4,£45.97,£187.20,£183.88,£3.32
1167,CA-2016-125416,02/11/2016,2016,Feb,Qtr1,Same Day,KC-16540,Kelly,Collister,Consumer,United States,Seattle,Washington,98115,West,TEC-AC-10001552,Technology,£447.93,9,£447.17,"£4,031.37","£4,024.53",£6.84
1168,CA-2018-145226,08/12/2018,2018,Aug,Qtr3,Second Class,DL-13315,Delfina,Latchford,Consumer,United States,New York City,New York,10035,East,FUR-FU-10004952,Furniture,£109.48,1,£109.47,£109.48,£109.47,£0.01
1169,CA-2018-145226,08/12/2018,2018,Aug,Qtr3,Second Class,DL-13315,Delfina,Latchford,Consumer,United States,New York City,New York,10035,East,OFF-ST-10004123,Office Supplies,£272.94,1,£272.66,£272.94,£272.66,£0.28
1170,CA-2018-145226,08/12/2018,2018,Aug,Qtr3,Second Class,DL-13315,Delfina,Latchford,Consumer,United States,New York City,New York,10035,East,OFF-PA-10003172,Office Supplies,£19.44,1,£19.40,£19.44,£19.40,£0.04
1171,CA-2018-145226,08/12/2018,2018,Aug,Qtr3,Second Class,DL-13315,Delfina,Latchford,Consumer,United States,New York City,New York,10035,East,OFF-ST-10002352,Office Supplies,£31.92,1,£31.49,£31.92,£31.49,£0.43
1172,US-2015-100279,10/03/2015,2015,Oct,Qtr4,Standard Class,SW-20275,Scott,Williamson,Consumer,United States,Royal Oak,Michigan,48073,Central,OFF-PA-10002259,Office Supplies,£22.38,4,£21.60,£89.52,£86.40,£3.12
1173,CA-2015-158064,04/21/2015,2015,Apr,Qtr2,Standard Class,AA-10375,Allen,Armold,Consumer,United States,Los Angeles,California,90008,West,OFF-BI-10002976,Office Supplies,£16.52,9,£15.79,£148.68,£142.11,£6.57
1174,US-2016-104430,10/22/2016,2016,Oct,Qtr4,Standard Class,LT-17110,Liz,Thompson,Consumer,United States,Bloomington,Illinois,61701,Central,OFF-BI-10000301,Office Supplies,£5.18,6,£4.95,£31.06,£29.70,£1.36
1175,CA-2016-132080,08/22/2016,2016,Aug,Qtr3,First Class,DP-13105,Dave,Poirier,Corporate,United States,New York City,New York,10035,East,OFF-BI-10003694,Office Supplies,£50.11,1,£49.33,£50.11,£49.33,£0.78
1176,CA-2017-161207,08/29/2017,2017,Aug,Qtr3,Standard Class,AB-10060,Adam,Bellavance,Home Office,United States,Concord,New Hampshire,3301,East,OFF-SU-10000381,Office Supplies,£27.93,3,£27.54,£83.79,£82.62,£1.17
1177,CA-2015-120243,12/27/2015,2015,Dec,Qtr4,Second Class,AT-10435,Alyssa,Tate,Home Office,United States,Los Angeles,California,90004,West,OFF-LA-10004425,Office Supplies,£11.56,9,£11.38,£104.04,£102.42,£1.62
1178,CA-2017-113621,01/12/2017,2017,Jan,Qtr1,Standard Class,JE-15745,Joel,Eaton,Consumer,United States,Rockville,Maryland,20852,East,FUR-CH-10001270,Furniture,£172.50,2,£172.39,£345.00,£344.78,£0.22
1179,CA-2017-113621,01/12/2017,2017,Jan,Qtr1,Standard Class,JE-15745,Joel,Eaton,Consumer,United States,Rockville,Maryland,20852,East,TEC-PH-10003931,Technology,£179.97,2,£179.22,£359.94,£358.44,£1.50
1180,CA-2017-168081,04/24/2017,2017,Apr,Qtr2,Second Class,CA-12055,Cathy,Armstrong,Home Office,United States,Houston,Texas,77070,Central,TEC-AC-10003174,Technology,£258.70,7,£257.79,"£1,810.87","£1,804.53",£6.34
1181,CA-2015-128146,06/21/2015,2015,Jun,Qtr2,Standard Class,DB-13060,Dave,Brooks,Consumer,United States,Lakewood,New Jersey,8701,East,TEC-PH-10004539,Technology,"£1,322.93",8,"£1,322.42","£10,583.44","£10,579.36",£4.08
1182,CA-2015-128146,06/21/2015,2015,Jun,Qtr2,Standard Class,DB-13060,Dave,Brooks,Consumer,United States,Lakewood,New Jersey,8701,East,OFF-AR-10001919,Office Supplies,£3.76,8,£3.22,£30.08,£25.76,£4.32
1183,CA-2018-138779,01/14/2018,2018,Jan,Qtr1,First Class,RB-19570,Rob,Beeghly,Consumer,United States,Jacksonville,North Carolina,28540,South,OFF-EN-10002504,Office Supplies,£21.74,2,£21.04,£43.49,£42.08,£1.41
1184,CA-2018-138779,01/14/2018,2018,Jan,Qtr1,First Class,RB-19570,Rob,Beeghly,Consumer,United States,Jacksonville,North Carolina,28540,South,TEC-PH-10003655,Technology,£7.92,2,£7.42,£15.84,£14.84,£1.00
1185,CA-2015-127131,11/24/2015,2015,Nov,Qtr4,Standard Class,HR-14830,Harold,Ryan,Corporate,United States,Seattle,Washington,98103,West,OFF-BI-10004656,Office Supplies,£12.10,9,£11.47,£108.86,£103.23,£5.63
1186,CA-2015-127131,11/24/2015,2015,Nov,Qtr4,Standard Class,HR-14830,Harold,Ryan,Corporate,United States,Seattle,Washington,98103,West,OFF-ST-10002344,Office Supplies,£485.88,9,£485.56,"£4,372.92","£4,370.04",£2.88
1187,CA-2015-127131,11/24/2015,2015,Nov,Qtr4,Standard Class,HR-14830,Harold,Ryan,Corporate,United States,Seattle,Washington,98103,West,OFF-PA-10001800,Office Supplies,£25.92,9,£25.58,£233.28,£230.22,£3.06
1188,CA-2015-127131,11/24/2015,2015,Nov,Qtr4,Standard Class,HR-14830,Harold,Ryan,Corporate,United States,Seattle,Washington,98103,West,OFF-ST-10000036,Office Supplies,£197.58,9,£197.53,"£1,778.22","£1,777.77",£0.45
1189,CA-2018-117212,02/26/2018,2018,Feb,Qtr1,Second Class,BT-11530,Bradley,Talbott,Home Office,United States,Los Angeles,California,90036,West,OFF-AP-10004532,Office Supplies,£81.92,9,£81.69,£737.28,£735.21,£2.07
1190,CA-2018-117212,02/26/2018,2018,Feb,Qtr1,Second Class,BT-11530,Bradley,Talbott,Home Office,United States,Los Angeles,California,90036,West,TEC-PH-10004447,Technology,£889.54,9,£889.08,"£8,005.82","£8,001.72",£4.10
1191,CA-2018-117212,02/26/2018,2018,Feb,Qtr1,Second Class,BT-11530,Bradley,Talbott,Home Office,United States,Los Angeles,California,90036,West,FUR-CH-10003973,Furniture,£892.22,9,£891.53,"£8,030.02","£8,023.77",£6.25
1192,CA-2018-117212,02/26/2018,2018,Feb,Qtr1,Second Class,BT-11530,Bradley,Talbott,Home Office,United States,Los Angeles,California,90036,West,OFF-PA-10001970,Office Supplies,£223.92,9,£223.32,"£2,015.28","£2,009.88",£5.40
1193,CA-2018-117212,02/26/2018,2018,Feb,Qtr1,Second Class,BT-11530,Bradley,Talbott,Home Office,United States,Los Angeles,California,90036,West,OFF-PA-10000682,Office Supplies,£23.12,9,£22.75,£208.08,£204.75,£3.33
1194,US-2016-130519,09/15/2016,2016,Sep,Qtr3,Same Day,NG-18355,Nat,Gilpin,Corporate,United States,Coral Springs,Florida,33065,South,OFF-PA-10001937,Office Supplies,£15.55,3,£15.53,£46.66,£46.59,£0.07
1195,US-2016-130519,09/15/2016,2016,Sep,Qtr3,Same Day,NG-18355,Nat,Gilpin,Corporate,United States,Coral Springs,Florida,33065,South,FUR-FU-10002268,Furniture,£15.71,3,£15.71,£47.14,£47.13,£0.01
1196,US-2016-130519,09/15/2016,2016,Sep,Qtr3,Same Day,NG-18355,Nat,Gilpin,Corporate,United States,Coral Springs,Florida,33065,South,OFF-ST-10001321,Office Supplies,£24.67,3,£23.88,£74.02,£71.64,£2.38
1197,US-2016-130519,09/15/2016,2016,Sep,Qtr3,Same Day,NG-18355,Nat,Gilpin,Corporate,United States,Coral Springs,Florida,33065,South,FUR-FU-10003394,Furniture,£55.97,3,£55.91,£167.90,£167.73,£0.17
1198,CA-2017-130946,08/04/2017,2017,Aug,Qtr3,Standard Class,ZC-21910,Zuschuss,Carroll,Consumer,United States,Houston,Texas,77041,Central,TEC-AC-10001990,Technology,£431.93,7,£431.21,"£3,023.50","£3,018.47",£5.03
1199,CA-2017-130946,08/04/2017,2017,Aug,Qtr3,Standard Class,ZC-21910,Zuschuss,Carroll,Consumer,United States,Houston,Texas,77041,Central,FUR-CH-10004540,Furniture,£95.98,7,£95.48,£671.89,£668.36,£3.53
1200,CA-2017-130946,08/04/2017,2017,Aug,Qtr3,Standard Class,ZC-21910,Zuschuss,Carroll,Consumer,United States,Houston,Texas,77041,Central,OFF-BI-10004995,Office Supplies,"£1,088.79",7,"£1,088.07","£7,621.54","£7,616.49",£5.05
1201,CA-2017-114727,07/18/2017,2017,Jul,Qtr3,Standard Class,LS-16945,Linda,Southworth,Corporate,United States,Denver,Colorado,80219,West,FUR-CH-10002335,Furniture,£544.01,8,£543.35,"£4,352.06","£4,346.80",£5.26
1202,CA-2017-114727,07/18/2017,2017,Jul,Qtr3,Standard Class,LS-16945,Linda,Southworth,Corporate,United States,Denver,Colorado,80219,West,OFF-BI-10004967,Office Supplies,£1.87,8,£1.18,£14.98,£9.44,£5.54
1203,CA-2017-114727,07/18/2017,2017,Jul,Qtr3,Standard Class,LS-16945,Linda,Southworth,Corporate,United States,Denver,Colorado,80219,West,FUR-CH-10002331,Furniture,£854.35,8,£853.99,"£6,834.82","£6,831.92",£2.90
1204,CA-2017-114727,07/18/2017,2017,Jul,Qtr3,Standard Class,LS-16945,Linda,Southworth,Corporate,United States,Denver,Colorado,80219,West,OFF-ST-10002292,Office Supplies,£593.57,8,£593.18,"£4,748.54","£4,745.44",£3.10
1205,CA-2017-114727,07/18/2017,2017,Jul,Qtr3,Standard Class,LS-16945,Linda,Southworth,Corporate,United States,Denver,Colorado,80219,West,OFF-ST-10000689,Office Supplies,£338.04,8,£337.21,"£2,704.32","£2,697.68",£6.64
1206,CA-2018-133235,01/08/2018,2018,Jan,Qtr1,First Class,LH-16750,Larry,Hughes,Consumer,United States,Charlotte,North Carolina,28205,South,TEC-PH-10002660,Technology,£271.96,2,£271.26,£543.92,£542.52,£1.40
1207,CA-2017-137050,07/14/2017,2017,Jul,Qtr3,Second Class,SW-20755,Steven,Ward,Corporate,United States,New York City,New York,10009,East,OFF-ST-10004634,Office Supplies,£11.21,1,£10.64,£11.21,£10.64,£0.57
1208,CA-2017-137050,07/14/2017,2017,Jul,Qtr3,Second Class,SW-20755,Steven,Ward,Corporate,United States,New York City,New York,10009,East,OFF-BI-10002160,Office Supplies,£9.14,1,£8.57,£9.14,£8.57,£0.57
1209,CA-2017-137050,07/14/2017,2017,Jul,Qtr3,Second Class,SW-20755,Steven,Ward,Corporate,United States,New York City,New York,10009,East,OFF-FA-10002988,Office Supplies,£14.07,1,£13.85,£14.07,£13.85,£0.22
1210,CA-2017-137050,07/14/2017,2017,Jul,Qtr3,Second Class,SW-20755,Steven,Ward,Corporate,United States,New York City,New York,10009,East,OFF-AR-10004999,Office Supplies,£41.86,1,£41.19,£41.86,£41.19,£0.67
1211,CA-2017-137050,07/14/2017,2017,Jul,Qtr3,Second Class,SW-20755,Steven,Ward,Corporate,United States,New York City,New York,10009,East,OFF-BI-10001031,Office Supplies,£8.54,1,£8.39,£8.54,£8.39,£0.15
1212,CA-2017-137050,07/14/2017,2017,Jul,Qtr3,Second Class,SW-20755,Steven,Ward,Corporate,United States,New York City,New York,10009,East,FUR-BO-10004695,Furniture,£579.14,1,£578.55,£579.14,£578.55,£0.59
1213,US-2018-118087,09/09/2018,2018,Sep,Qtr3,Standard Class,SP-20620,Stefania,Perrino,Corporate,United States,Philadelphia,Pennsylvania,19134,East,FUR-CH-10004860,Furniture,£141.37,1,£141.09,£141.37,£141.09,£0.28
1214,US-2018-118087,09/09/2018,2018,Sep,Qtr3,Standard Class,SP-20620,Stefania,Perrino,Corporate,United States,Philadelphia,Pennsylvania,19134,East,OFF-BI-10002432,Office Supplies,£3.04,1,£2.63,£3.04,£2.63,£0.41
1215,US-2018-118087,09/09/2018,2018,Sep,Qtr3,Standard Class,SP-20620,Stefania,Perrino,Corporate,United States,Philadelphia,Pennsylvania,19134,East,OFF-BI-10000069,Office Supplies,£4.50,1,£4.08,£4.50,£4.08,£0.42
1216,US-2018-118087,09/09/2018,2018,Sep,Qtr3,Standard Class,SP-20620,Stefania,Perrino,Corporate,United States,Philadelphia,Pennsylvania,19134,East,OFF-AR-10003602,Office Supplies,£4.67,1,£4.15,£4.67,£4.15,£0.52
1217,US-2018-118087,09/09/2018,2018,Sep,Qtr3,Standard Class,SP-20620,Stefania,Perrino,Corporate,United States,Philadelphia,Pennsylvania,19134,East,TEC-AC-10004469,Technology,£95.88,1,£95.30,£95.88,£95.30,£0.58
1218,US-2018-118087,09/09/2018,2018,Sep,Qtr3,Standard Class,SP-20620,Stefania,Perrino,Corporate,United States,Philadelphia,Pennsylvania,19134,East,FUR-FU-10001867,Furniture,£17.02,1,£16.98,£17.02,£16.98,£0.04
1219,US-2018-118087,09/09/2018,2018,Sep,Qtr3,Standard Class,SP-20620,Stefania,Perrino,Corporate,United States,Philadelphia,Pennsylvania,19134,East,TEC-AC-10003174,Technology,£258.70,1,£258.27,£258.70,£258.27,£0.43
1220,US-2018-118087,09/09/2018,2018,Sep,Qtr3,Standard Class,SP-20620,Stefania,Perrino,Corporate,United States,Philadelphia,Pennsylvania,19134,East,TEC-PH-10002200,Technology,"£1,931.96",1,"£1,931.76","£1,931.96","£1,931.76",£0.20
1221,CA-2015-110184,12/07/2015,2015,Dec,Qtr4,Standard Class,BF-11170,Ben,Ferrer,Home Office,United States,Los Angeles,California,90036,West,OFF-ST-10000107,Office Supplies,£249.75,9,£249.31,"£2,247.75","£2,243.79",£3.96
1222,CA-2015-110184,12/07/2015,2015,Dec,Qtr4,Standard Class,BF-11170,Ben,Ferrer,Home Office,United States,Los Angeles,California,90036,West,TEC-PH-10000439,Technology,£255.94,9,£255.44,"£2,303.42","£2,298.96",£4.46
1223,CA-2017-126004,04/12/2017,2017,Apr,Qtr2,First Class,BM-11140,Becky,Martin,Consumer,United States,New York City,New York,10024,East,FUR-FU-10001602,Furniture,£113.79,1,£113.62,£113.79,£113.62,£0.17
1224,CA-2017-126004,04/12/2017,2017,Apr,Qtr2,First Class,BM-11140,Becky,Martin,Consumer,United States,New York City,New York,10024,East,TEC-AC-10001432,Technology,£78.15,1,£77.92,£78.15,£77.92,£0.23
1225,CA-2017-126004,04/12/2017,2017,Apr,Qtr2,First Class,BM-11140,Becky,Martin,Consumer,United States,New York City,New York,10024,East,OFF-BI-10004656,Office Supplies,£1.73,1,£1.33,£1.73,£1.33,£0.40
1226,CA-2017-126004,04/12/2017,2017,Apr,Qtr2,First Class,BM-11140,Becky,Martin,Consumer,United States,New York City,New York,10024,East,OFF-PA-10001685,Office Supplies,£40.56,1,£40.05,£40.56,£40.05,£0.51
1227,CA-2017-126004,04/12/2017,2017,Apr,Qtr2,First Class,BM-11140,Becky,Martin,Consumer,United States,New York City,New York,10024,East,OFF-ST-10001418,Office Supplies,£182.94,1,£182.91,£182.94,£182.91,£0.03
1228,CA-2017-126004,04/12/2017,2017,Apr,Qtr2,First Class,BM-11140,Becky,Martin,Consumer,United States,New York City,New York,10024,East,OFF-ST-10000676,Office Supplies,£193.86,1,£193.73,£193.86,£193.73,£0.13
1229,CA-2018-100013,06/11/2018,2018,Jun,Qtr2,Standard Class,ZC-21910,Zuschuss,Carroll,Consumer,United States,Los Angeles,California,90045,West,OFF-EN-10001219,Office Supplies,£15.28,9,£14.86,£137.52,£133.74,£3.78
1230,CA-2018-100013,06/11/2018,2018,Jun,Qtr2,Standard Class,ZC-21910,Zuschuss,Carroll,Consumer,United States,Los Angeles,California,90045,West,FUR-FU-10001424,Furniture,£8.73,9,£8.27,£78.57,£74.43,£4.14
1231,CA-2018-100013,06/11/2018,2018,Jun,Qtr2,Standard Class,ZC-21910,Zuschuss,Carroll,Consumer,United States,Los Angeles,California,90045,West,OFF-AR-10001022,Office Supplies,£5.68,9,£4.83,£51.12,£43.47,£7.65
1232,CA-2016-132570,10/31/2016,2016,Oct,Qtr4,Second Class,KT-16480,Kean,Thornton,Consumer,United States,Buffalo,New York,14215,East,OFF-AR-10000369,Office Supplies,£2.78,1,£2.60,£2.78,£2.60,£0.18
1233,CA-2016-132570,10/31/2016,2016,Oct,Qtr4,Second Class,KT-16480,Kean,Thornton,Consumer,United States,Buffalo,New York,14215,East,OFF-EN-10003055,Office Supplies,£79.96,1,£79.32,£79.96,£79.32,£0.64
1234,CA-2017-153682,05/30/2017,2017,May,Qtr2,First Class,BG-11695,Brooke,Gillingham,Corporate,United States,Cincinnati,Ohio,45231,East,TEC-CO-10001046,Technology,£839.99,4,£839.61,"£3,359.95","£3,358.44",£1.51
1235,CA-2017-144344,10/28/2017,2017,Oct,Qtr4,Same Day,PG-18820,Patrick,Gardner,Consumer,United States,Boynton Beach,Florida,33437,South,FUR-FU-10000076,Furniture,£47.95,3,£47.56,£143.86,£142.68,£1.18
1236,CA-2017-144344,10/28/2017,2017,Oct,Qtr4,Same Day,PG-18820,Patrick,Gardner,Consumer,United States,Boynton Beach,Florida,33437,South,OFF-BI-10003719,Office Supplies,£37.43,3,£36.86,£112.28,£110.58,£1.69
1237,CA-2017-144344,10/28/2017,2017,Oct,Qtr4,Same Day,PG-18820,Patrick,Gardner,Consumer,United States,Boynton Beach,Florida,33437,South,FUR-FU-10003268,Furniture,£63.97,3,£63.54,£191.90,£190.62,£1.28
1238,CA-2017-144344,10/28/2017,2017,Oct,Qtr4,Same Day,PG-18820,Patrick,Gardner,Consumer,United States,Boynton Beach,Florida,33437,South,FUR-FU-10003553,Furniture,£165.05,3,£164.12,£495.14,£492.36,£2.78
1239,CA-2015-127012,11/08/2015,2015,Nov,Qtr4,Standard Class,GM-14680,Greg,Matthias,Consumer,United States,Seattle,Washington,98105,West,FUR-FU-10003691,Furniture,£12.35,9,£11.66,£111.15,£104.94,£6.21
1240,CA-2015-127012,11/08/2015,2015,Nov,Qtr4,Standard Class,GM-14680,Greg,Matthias,Consumer,United States,Seattle,Washington,98105,West,OFF-AR-10003903,Office Supplies,£40.97,9,£40.24,£368.73,£362.16,£6.57
1241,CA-2015-127012,11/08/2015,2015,Nov,Qtr4,Standard Class,GM-14680,Greg,Matthias,Consumer,United States,Seattle,Washington,98105,West,OFF-FA-10004854,Office Supplies,£22.96,9,£22.13,£206.64,£199.17,£7.47
1242,CA-2017-128727,08/29/2017,2017,Aug,Qtr3,Standard Class,MO-17800,Meg,O'Connel,Home Office,United States,New York City,New York,10024,East,TEC-PH-10003442,Technology,£22.00,1,£21.27,£22.00,£21.27,£0.73
1243,US-2017-162859,02/15/2017,2017,Feb,Qtr1,Standard Class,PG-18820,Patrick,Gardner,Consumer,United States,New York City,New York,10009,East,OFF-BI-10004519,Office Supplies,£398.35,1,£397.73,£398.35,£397.73,£0.62
1244,US-2017-162859,02/15/2017,2017,Feb,Qtr1,Standard Class,PG-18820,Patrick,Gardner,Consumer,United States,New York City,New York,10009,East,OFF-FA-10000304,Office Supplies,£8.72,1,£8.58,£8.72,£8.58,£0.14
1245,CA-2018-133641,05/14/2018,2018,May,Qtr2,Standard Class,EJ-14155,Eva,Jacobs,Consumer,United States,Gulfport,Mississippi,39503,South,OFF-EN-10004955,Office Supplies,£48.69,3,£48.20,£146.07,£144.60,£1.47
1246,CA-2015-168494,12/12/2015,2015,Dec,Qtr4,Second Class,NP-18700,Nora,Preis,Consumer,United States,Fresno,California,93727,West,FUR-TA-10004619,Furniture,£764.69,9,£764.45,"£6,882.19","£6,880.05",£2.14
1247,CA-2015-168494,12/12/2015,2015,Dec,Qtr4,Second Class,NP-18700,Nora,Preis,Consumer,United States,Fresno,California,93727,West,FUR-TA-10003473,Furniture,"£3,610.85",9,"£3,610.76","£32,497.63","£32,496.84",£0.79
1248,CA-2015-168494,12/12/2015,2015,Dec,Qtr4,Second Class,NP-18700,Nora,Preis,Consumer,United States,Fresno,California,93727,West,FUR-BO-10004467,Furniture,£254.97,9,£254.54,"£2,294.77","£2,290.86",£3.91
1249,CA-2018-115602,12/18/2018,2018,Dec,Qtr4,Standard Class,DJ-13630,Doug,Jacobs,Consumer,United States,New York City,New York,10009,East,OFF-AR-10002280,Office Supplies,£38.82,1,£37.87,£38.82,£37.87,£0.95
1250,CA-2018-115602,12/18/2018,2018,Dec,Qtr4,Standard Class,DJ-13630,Doug,Jacobs,Consumer,United States,New York City,New York,10009,East,FUR-CH-10001708,Furniture,"£1,141.94",1,"£1,140.99","£1,141.94","£1,140.99",£0.95
1251,CA-2018-115602,12/18/2018,2018,Dec,Qtr4,Standard Class,DJ-13630,Doug,Jacobs,Consumer,United States,New York City,New York,10009,East,OFF-AP-10000891,Office Supplies,"£1,704.56",1,"£1,703.65","£1,704.56","£1,703.65",£0.91
1252,CA-2018-115602,12/18/2018,2018,Dec,Qtr4,Standard Class,DJ-13630,Doug,Jacobs,Consumer,United States,New York City,New York,10009,East,OFF-AR-10000462,Office Supplies,£3.20,1,£2.62,£3.20,£2.62,£0.58
1253,CA-2016-154956,04/07/2016,2016,Apr,Qtr2,Standard Class,IM-15070,Irene,Maddox,Consumer,United States,Milwaukee,Wisconsin,53209,Central,TEC-PH-10004165,Technology,"£1,099.96",5,"£1,099.13","£5,499.80","£5,495.65",£4.15
1254,CA-2018-144638,10/03/2018,2018,Oct,Qtr4,Standard Class,MH-18115,Mick,Hernandez,Home Office,United States,Chester,Pennsylvania,19013,East,OFF-AR-10003958,Office Supplies,£5.25,1,£4.52,£5.25,£4.52,£0.73
1255,CA-2018-144638,10/03/2018,2018,Oct,Qtr4,Standard Class,MH-18115,Mick,Hernandez,Home Office,United States,Chester,Pennsylvania,19013,East,TEC-PH-10000149,Technology,£35.91,1,£35.48,£35.91,£35.48,£0.43
1256,CA-2018-144638,10/03/2018,2018,Oct,Qtr4,Standard Class,MH-18115,Mick,Hernandez,Home Office,United States,Chester,Pennsylvania,19013,East,FUR-FU-10003724,Furniture,£6.70,1,£5.86,£6.70,£5.86,£0.84
1257,CA-2018-144638,10/03/2018,2018,Oct,Qtr4,Standard Class,MH-18115,Mick,Hernandez,Home Office,United States,Chester,Pennsylvania,19013,East,FUR-FU-10003535,Furniture,£43.87,1,£43.20,£43.87,£43.20,£0.67
1258,US-2017-168620,12/24/2017,2017,Dec,Qtr4,Second Class,RB-19795,Ross,Baird,Home Office,United States,Charlotte,North Carolina,28205,South,OFF-BI-10001575,Office Supplies,£27.88,2,£27.08,£55.76,£54.16,£1.60
1259,US-2017-168620,12/24/2017,2017,Dec,Qtr4,Second Class,RB-19795,Ross,Baird,Home Office,United States,Charlotte,North Carolina,28205,South,OFF-ST-10003716,Office Supplies,£540.05,2,£539.46,"£1,080.10","£1,078.92",£1.18
1260,US-2017-168620,12/24/2017,2017,Dec,Qtr4,Second Class,RB-19795,Ross,Baird,Home Office,United States,Charlotte,North Carolina,28205,South,TEC-AC-10004469,Technology,£255.68,2,£255.03,£511.36,£510.06,£1.30
1261,CA-2018-117079,10/23/2018,2018,Oct,Qtr4,Standard Class,JR-15700,Jocasta,Rupert,Consumer,United States,Jacksonville,Florida,32216,South,TEC-PH-10004586,Technology,£863.88,3,£863.17,"£2,591.64","£2,589.51",£2.13
1262,US-2017-144393,10/28/2017,2017,Oct,Qtr4,Standard Class,SM-20950,Suzanne,McNair,Corporate,United States,Greenville,North Carolina,27834,South,OFF-BI-10004236,Office Supplies,£17.62,2,£16.71,£35.23,£33.42,£1.81
1263,CA-2018-105053,07/07/2018,2018,Jul,Qtr3,Second Class,CS-12355,Christine,Sundaresam,Consumer,United States,Long Beach,New York,11561,East,OFF-BI-10001634,Office Supplies,£17.47,1,£17.28,£17.47,£17.28,£0.19
1264,CA-2017-155992,01/10/2017,2017,Jan,Qtr1,First Class,CC-12220,Chris,Cortes,Consumer,United States,La Porte,Indiana,46350,Central,TEC-PH-10000215,Technology,£69.90,4,£69.37,£279.60,£277.48,£2.12
1265,CA-2017-155992,01/10/2017,2017,Jan,Qtr1,First Class,CC-12220,Chris,Cortes,Consumer,United States,La Porte,Indiana,46350,Central,FUR-FU-10003724,Furniture,£41.85,4,£41.21,£167.40,£164.84,£2.56
1266,CA-2018-110380,02/09/2018,2018,Feb,Qtr1,Standard Class,PF-19225,Phillip,Flathmann,Consumer,United States,San Francisco,California,94122,West,OFF-AR-10000422,Office Supplies,£6.57,9,£6.47,£59.13,£58.23,£0.90
1267,US-2015-167738,12/24/2015,2015,Dec,Qtr4,Standard Class,JC-16105,Julie,Creighton,Corporate,United States,Los Angeles,California,90045,West,OFF-ST-10003306,Office Supplies,£142.86,9,£142.19,"£1,285.74","£1,279.71",£6.03
1268,US-2015-167738,12/24/2015,2015,Dec,Qtr4,Standard Class,JC-16105,Julie,Creighton,Corporate,United States,Los Angeles,California,90045,West,FUR-CH-10001146,Furniture,£292.27,9,£291.82,"£2,630.45","£2,626.38",£4.07
1269,CA-2018-121412,09/23/2018,2018,Sep,Qtr3,Standard Class,BG-11695,Brooke,Gillingham,Corporate,United States,Louisville,Colorado,80027,West,FUR-FU-10000246,Furniture,£29.33,8,£28.51,£234.62,£228.08,£6.54
1270,CA-2018-100426,04/06/2018,2018,Apr,Qtr2,Standard Class,DC-12850,Dan,Campbell,Consumer,United States,Florence,Alabama,35630,South,OFF-PA-10002870,Office Supplies,£12.48,3,£11.51,£37.44,£34.53,£2.91
1271,US-2017-103646,04/21/2017,2017,Apr,Qtr2,Standard Class,SP-20545,Sibella,Parks,Corporate,United States,Chicago,Illinois,60623,Central,OFF-ST-10000563,Office Supplies,£102.34,6,£102.03,£614.02,£612.18,£1.84
1272,US-2017-103646,04/21/2017,2017,Apr,Qtr2,Standard Class,SP-20545,Sibella,Parks,Corporate,United States,Chicago,Illinois,60623,Central,OFF-AP-10004487,Office Supplies,£48.79,6,£48.47,£292.75,£290.82,£1.93
1273,US-2017-103646,04/21/2017,2017,Apr,Qtr2,Standard Class,SP-20545,Sibella,Parks,Corporate,United States,Chicago,Illinois,60623,Central,OFF-BI-10002854,Office Supplies,£44.85,6,£44.72,£269.09,£268.32,£0.77
1274,CA-2017-119186,05/26/2017,2017,May,Qtr2,Same Day,MS-17710,Maurice,Satty,Consumer,United States,Fort Worth,Texas,76106,Central,OFF-PA-10004621,Office Supplies,£10.37,7,£9.44,£72.58,£66.08,£6.50
1275,CA-2017-119186,05/26/2017,2017,May,Qtr2,Same Day,MS-17710,Maurice,Satty,Consumer,United States,Fort Worth,Texas,76106,Central,FUR-CH-10001973,Furniture,£388.43,7,£388.36,"£2,719.01","£2,718.52",£0.49
1276,CA-2017-119186,05/26/2017,2017,May,Qtr2,Same Day,MS-17710,Maurice,Satty,Consumer,United States,Fort Worth,Texas,76106,Central,OFF-PA-10004040,Office Supplies,£14.35,7,£13.52,£100.46,£94.64,£5.82
1277,CA-2017-119186,05/26/2017,2017,May,Qtr2,Same Day,MS-17710,Maurice,Satty,Consumer,United States,Fort Worth,Texas,76106,Central,TEC-AC-10000580,Technology,£63.99,7,£63.77,£447.94,£446.39,£1.55
1278,CA-2017-148698,02/05/2017,2017,Feb,Qtr1,Standard Class,BD-11770,Bryan,Davis,Consumer,United States,Houston,Texas,77070,Central,OFF-AR-10004022,Office Supplies,£86.35,7,£85.45,£604.46,£598.15,£6.31
1279,CA-2015-163293,08/09/2015,2015,Aug,Qtr3,First Class,KC-16255,Karen,Carlisle,Corporate,United States,Macon,Georgia,31204,South,TEC-AC-10004209,Technology,£32.97,3,£32.51,£98.91,£97.53,£1.38
1280,CA-2015-163293,08/09/2015,2015,Aug,Qtr3,First Class,KC-16255,Karen,Carlisle,Corporate,United States,Macon,Georgia,31204,South,TEC-AC-10000023,Technology,£83.88,3,£83.08,£251.64,£249.24,£2.40
1281,CA-2017-160815,05/09/2017,2017,May,Qtr2,First Class,TR-21325,Toby,Ritter,Consumer,United States,Cedar Rapids,Iowa,52402,Central,TEC-PH-10003505,Technology,£278.40,5,£278.21,"£1,392.00","£1,391.05",£0.95
1282,CA-2018-122154,09/04/2018,2018,Sep,Qtr3,First Class,SA-20830,Sue,Ann,Consumer,United States,Jacksonville,Florida,32216,South,OFF-LA-10000121,Office Supplies,£15.12,3,£14.77,£45.36,£44.31,£1.05
1283,CA-2018-122154,09/04/2018,2018,Sep,Qtr3,First Class,SA-20830,Sue,Ann,Consumer,United States,Jacksonville,Florida,32216,South,OFF-BI-10002026,Office Supplies,£17.43,3,£17.32,£52.29,£51.96,£0.33
1284,CA-2018-122154,09/04/2018,2018,Sep,Qtr3,First Class,SA-20830,Sue,Ann,Consumer,United States,Jacksonville,Florida,32216,South,OFF-PA-10000994,Office Supplies,£251.64,3,£251.01,£754.92,£753.03,£1.89
1285,US-2016-149692,06/12/2016,2016,Jun,Qtr2,Standard Class,KW-16435,Katrina,Willman,Consumer,United States,Austin,Texas,78745,Central,OFF-BI-10002813,Office Supplies,£2.77,7,£2.43,£19.40,£17.01,£2.39
1286,CA-2017-119445,06/26/2017,2017,Jun,Qtr2,Standard Class,GM-14500,Gene,McClure,Consumer,United States,Providence,Rhode Island,2908,East,OFF-ST-10000617,Office Supplies,£14.90,2,£14.79,£29.80,£29.58,£0.22
1287,CA-2016-124268,04/07/2016,2016,Apr,Qtr2,Standard Class,AD-10180,Alan,Dominguez,Home Office,United States,New York City,New York,10035,East,OFF-AR-10004817,Office Supplies,£15.48,1,£14.59,£15.48,£14.59,£0.89
1288,CA-2017-154711,11/22/2017,2017,Nov,Qtr4,Standard Class,TB-21355,Todd,Boyes,Corporate,United States,New York City,New York,10009,East,FUR-FU-10000397,Furniture,£39.88,1,£39.11,£39.88,£39.11,£0.77
1289,CA-2017-154711,11/22/2017,2017,Nov,Qtr4,Standard Class,TB-21355,Todd,Boyes,Corporate,United States,New York City,New York,10009,East,OFF-BI-10000605,Office Supplies,£12.19,1,£11.29,£12.19,£11.29,£0.90
1290,CA-2017-154711,11/22/2017,2017,Nov,Qtr4,Standard Class,TB-21355,Todd,Boyes,Corporate,United States,New York City,New York,10009,East,OFF-AR-10001860,Office Supplies,£20.82,1,£20.78,£20.82,£20.78,£0.04
1291,CA-2017-163384,10/11/2017,2017,Oct,Qtr4,First Class,CC-12430,Chuck,Clark,Home Office,United States,San Francisco,California,94122,West,OFF-BI-10004970,Office Supplies,£13.22,9,£13.11,£118.94,£117.99,£0.95
1292,CA-2017-163384,10/11/2017,2017,Oct,Qtr4,First Class,CC-12430,Chuck,Clark,Home Office,United States,San Francisco,California,94122,West,OFF-PA-10003172,Office Supplies,£32.40,9,£32.35,£291.60,£291.15,£0.45
1293,CA-2016-101707,08/27/2016,2016,Aug,Qtr3,Standard Class,PF-19165,Philip,Fox,Consumer,United States,San Diego,California,92105,West,OFF-SU-10001218,Office Supplies,£32.94,9,£32.26,£296.46,£290.34,£6.12
1294,CA-2016-101707,08/27/2016,2016,Aug,Qtr3,Standard Class,PF-19165,Philip,Fox,Consumer,United States,San Diego,California,92105,West,OFF-PA-10002968,Office Supplies,£114.20,9,£113.35,"£1,027.80","£1,020.15",£7.65
1295,CA-2016-101707,08/27/2016,2016,Aug,Qtr3,Standard Class,PF-19165,Philip,Fox,Consumer,United States,San Diego,California,92105,West,OFF-LA-10000134,Office Supplies,£3.08,9,£3.07,£27.72,£27.63,£0.09
1296,CA-2016-138898,05/25/2016,2016,May,Qtr2,Standard Class,JH-16180,Justin,Hirsh,Consumer,United States,Pueblo,Colorado,81001,West,OFF-AP-10004487,Office Supplies,£845.73,8,£844.99,"£6,765.82","£6,759.92",£5.90
1297,CA-2018-115427,12/30/2018,2018,Dec,Qtr4,Standard Class,EB-13975,Erica,Bern,Corporate,United States,Fairfield,California,94533,West,OFF-BI-10002103,Office Supplies,£13.90,9,£13.62,£125.14,£122.58,£2.56
1298,CA-2018-115427,12/30/2018,2018,Dec,Qtr4,Standard Class,EB-13975,Erica,Bern,Corporate,United States,Fairfield,California,94533,West,OFF-BI-10004632,Office Supplies,£20.72,9,£19.89,£186.48,£179.01,£7.47
1299,CA-2017-134425,08/12/2017,2017,Aug,Qtr3,Second Class,QJ-19255,Quincy,Jones,Corporate,United States,Saint Paul,Minnesota,55106,Central,TEC-PH-10003555,Technology,£114.95,5,£113.97,£574.75,£569.85,£4.90
1300,CA-2016-121391,04/10/2016,2016,Apr,Qtr2,First Class,AA-10315,Alex,Avila,Consumer,United States,San Francisco,California,94109,West,OFF-ST-10001590,Office Supplies,£26.96,9,£26.06,£242.64,£234.54,£8.10
1301,CA-2017-137043,12/23/2017,2017,Dec,Qtr4,Second Class,LC-17140,Logan,Currie,Consumer,United States,Springfield,Virginia,22153,South,FUR-FU-10003664,Furniture,£572.76,2,£572.23,"£1,145.52","£1,144.46",£1.06
1302,CA-2017-137043,12/23/2017,2017,Dec,Qtr4,Second Class,LC-17140,Logan,Currie,Consumer,United States,Springfield,Virginia,22153,South,FUR-FU-10003664,Furniture,£286.38,2,£285.56,£572.76,£571.12,£1.64
1303,CA-2016-115847,09/19/2016,2016,Sep,Qtr3,Second Class,TC-21535,Tracy,Collins,Home Office,United States,Arlington,Virginia,22204,South,FUR-BO-10003433,Furniture,£61.96,2,£61.66,£123.92,£123.32,£0.60
1304,US-2018-126179,03/07/2018,2018,Mar,Qtr1,Standard Class,CS-12460,Chuck,Sachs,Consumer,United States,Columbus,Georgia,31907,South,FUR-FU-10002554,Furniture,£23.99,3,£23.25,£71.97,£69.75,£2.22
1305,US-2018-126179,03/07/2018,2018,Mar,Qtr1,Standard Class,CS-12460,Chuck,Sachs,Consumer,United States,Columbus,Georgia,31907,South,TEC-PH-10001557,Technology,£287.97,3,£287.78,£863.91,£863.34,£0.57
1306,CA-2017-101966,07/14/2017,2017,Jul,Qtr3,Second Class,BM-11785,Bryan,Mills,Consumer,United States,Houston,Texas,77036,Central,TEC-PH-10003437,Technology,£419.94,7,£419.72,"£2,939.61","£2,938.04",£1.57
1307,CA-2017-141397,06/20/2017,2017,Jun,Qtr2,First Class,RC-19825,Roy,Collins,Consumer,United States,Pasadena,California,91104,West,OFF-PA-10002986,Office Supplies,£46.76,9,£46.62,£420.84,£419.58,£1.26
1308,CA-2017-141397,06/20/2017,2017,Jun,Qtr2,First Class,RC-19825,Roy,Collins,Consumer,United States,Pasadena,California,91104,West,OFF-BI-10000320,Office Supplies,£17.71,9,£17.71,£159.41,£159.39,£0.02
1309,CA-2017-141397,06/20/2017,2017,Jun,Qtr2,First Class,RC-19825,Roy,Collins,Consumer,United States,Pasadena,California,91104,West,OFF-AP-10003971,Office Supplies,£21.78,9,£21.26,£196.02,£191.34,£4.68
1310,CA-2017-141397,06/20/2017,2017,Jun,Qtr2,First Class,RC-19825,Roy,Collins,Consumer,United States,Pasadena,California,91104,West,OFF-ST-10001469,Office Supplies,£161.94,9,£161.45,"£1,457.46","£1,453.05",£4.41
1311,CA-2017-141397,06/20/2017,2017,Jun,Qtr2,First Class,RC-19825,Roy,Collins,Consumer,United States,Pasadena,California,91104,West,FUR-CH-10003846,Furniture,£161.57,9,£161.22,"£1,454.11","£1,450.98",£3.13
1312,CA-2017-141082,09/12/2017,2017,Sep,Qtr3,Standard Class,FM-14380,Fred,McMath,Consumer,United States,Lawrence,Massachusetts,1841,East,OFF-LA-10001404,Office Supplies,£3.69,1,£2.70,£3.69,£2.70,£0.99
1313,CA-2017-141082,09/12/2017,2017,Sep,Qtr3,Standard Class,FM-14380,Fred,McMath,Consumer,United States,Lawrence,Massachusetts,1841,East,OFF-LA-10001474,Office Supplies,£122.12,1,£121.37,£122.12,£121.37,£0.75
1314,US-2017-134488,09/24/2017,2017,Sep,Qtr3,Standard Class,PK-19075,Pete,Kriz,Consumer,United States,Columbus,Ohio,43229,East,FUR-CH-10003199,Furniture,£155.37,4,£154.79,£621.49,£619.16,£2.33
1315,CA-2017-145919,12/18/2017,2017,Dec,Qtr4,Standard Class,HG-14965,Henry,Goldwyn,Corporate,United States,Los Angeles,California,90032,West,OFF-PA-10003072,Office Supplies,£38.88,9,£38.00,£349.92,£342.00,£7.92
1316,CA-2017-145919,12/18/2017,2017,Dec,Qtr4,Standard Class,HG-14965,Henry,Goldwyn,Corporate,United States,Los Angeles,California,90032,West,FUR-FU-10004960,Furniture,£183.84,9,£183.21,"£1,654.56","£1,648.89",£5.67
1317,CA-2017-145919,12/18/2017,2017,Dec,Qtr4,Standard Class,HG-14965,Henry,Goldwyn,Corporate,United States,Los Angeles,California,90032,West,OFF-SU-10003505,Office Supplies,£579.30,9,£579.25,"£5,213.70","£5,213.25",£0.45
1318,CA-2018-157651,10/12/2018,2018,Oct,Qtr4,Standard Class,HA-14920,Helen,Andreada,Consumer,United States,Philadelphia,Pennsylvania,19120,East,TEC-AC-10003116,Technology,£14.20,1,£13.64,£14.20,£13.64,£0.56
1319,CA-2015-160773,01/07/2015,2015,Jan,Qtr1,Standard Class,LW-16825,Laurel,Workman,Corporate,United States,Deltona,Florida,32725,South,TEC-PH-10004586,Technology,£575.92,3,£574.96,"£1,727.76","£1,724.88",£2.88
1320,CA-2015-160773,01/07/2015,2015,Jan,Qtr1,Standard Class,LW-16825,Laurel,Workman,Corporate,United States,Deltona,Florida,32725,South,OFF-BI-10000546,Office Supplies,£5.18,3,£4.82,£15.55,£14.46,£1.09
1321,CA-2018-167703,03/02/2018,2018,Mar,Qtr1,Standard Class,MC-17575,Matt,Collins,Consumer,United States,Cincinnati,Ohio,45231,East,OFF-BI-10002071,Office Supplies,£5.23,4,£4.59,£20.92,£18.36,£2.56
1322,CA-2018-167703,03/02/2018,2018,Mar,Qtr1,Standard Class,MC-17575,Matt,Collins,Consumer,United States,Cincinnati,Ohio,45231,East,OFF-ST-10001490,Office Supplies,£285.55,4,£285.41,"£1,142.21","£1,141.64",£0.57
1323,CA-2018-121804,03/03/2018,2018,Mar,Qtr1,Standard Class,LP-17095,Liz,Preis,Consumer,United States,Murray,Kentucky,42071,South,OFF-AP-10004859,Office Supplies,£72.80,4,£72.63,£291.20,£290.52,£0.68
1324,CA-2018-162635,09/10/2018,2018,Sep,Qtr3,First Class,EB-14170,Evan,Bailliet,Consumer,United States,Wilmington,North Carolina,28403,South,OFF-PA-10002659,Office Supplies,£10.82,2,£10.77,£21.63,£21.54,£0.09
1325,CA-2015-107153,09/28/2015,2015,Sep,Qtr3,Standard Class,GZ-14545,George,Zrebassa,Corporate,United States,Lawrence,Massachusetts,1841,East,OFF-ST-10001321,Office Supplies,£46.26,1,£45.29,£46.26,£45.29,£0.97
1326,US-2015-117058,05/27/2015,2015,May,Qtr2,First Class,LE-16810,Laurel,Elliston,Consumer,United States,Chicago,Illinois,60653,Central,OFF-BI-10004139,Office Supplies,£17.46,6,£16.75,£104.76,£100.50,£4.26
1327,CA-2016-120439,06/14/2016,2016,Jun,Qtr2,Standard Class,AD-10180,Alan,Dominguez,Home Office,United States,Philadelphia,Pennsylvania,19120,East,FUR-FU-10001867,Furniture,£51.07,1,£50.77,£51.07,£50.77,£0.30
1328,CA-2017-128258,03/30/2017,2017,Mar,Qtr1,First Class,CP-12085,Cathy,Prescott,Corporate,United States,Norwich,Connecticut,6360,East,OFF-PA-10004156,Office Supplies,£11.34,6,£11.27,£68.04,£67.62,£0.42
1329,CA-2018-106033,10/15/2018,2018,Oct,Qtr4,Second Class,FG-14260,Frank,Gastineau,Home Office,United States,San Francisco,California,94110,West,OFF-AR-10002818,Office Supplies,£87.92,9,£87.90,£791.28,£791.10,£0.18
1330,CA-2017-142762,05/23/2017,2017,May,Qtr2,Standard Class,LD-17005,Lisa,DeCherney,Consumer,United States,San Francisco,California,94109,West,FUR-FU-10003691,Furniture,£37.05,9,£36.89,£333.45,£332.01,£1.44
1331,CA-2018-127705,02/06/2018,2018,Feb,Qtr1,Standard Class,AB-10255,Alejandro,Ballentine,Home Office,United States,Lorain,Ohio,44052,East,TEC-PH-10000347,Technology,£2.97,4,£2.87,£11.88,£11.48,£0.40
1332,CA-2018-127705,02/06/2018,2018,Feb,Qtr1,Standard Class,AB-10255,Alejandro,Ballentine,Home Office,United States,Lorain,Ohio,44052,East,OFF-ST-10004507,Office Supplies,£27.44,4,£27.29,£109.76,£109.16,£0.60
1333,CA-2015-122567,02/16/2015,2015,Feb,Qtr1,Standard Class,MN-17935,Michael,Nguyen,Consumer,United States,Dallas,Texas,75220,Central,OFF-BI-10002012,Office Supplies,£1.08,7,£0.93,£7.56,£6.51,£1.05
1334,CA-2015-122567,02/16/2015,2015,Feb,Qtr1,Standard Class,MN-17935,Michael,Nguyen,Consumer,United States,Dallas,Texas,75220,Central,OFF-AP-10001303,Office Supplies,£7.96,7,£7.64,£55.72,£53.48,£2.24
1335,CA-2015-121664,06/05/2015,2015,Jun,Qtr2,Standard Class,HP-14815,Harold,Pawlan,Home Office,United States,Los Angeles,California,90049,West,OFF-BI-10003684,Office Supplies,£140.74,9,£139.83,"£1,266.62","£1,258.47",£8.15
1336,CA-2017-122133,05/16/2017,2017,May,Qtr2,Standard Class,JR-15670,Jim,Radford,Consumer,United States,Middletown,Connecticut,6457,East,OFF-ST-10002574,Office Supplies,£552.56,6,£551.95,"£3,315.36","£3,311.70",£3.66
1337,US-2018-123281,02/04/2018,2018,Feb,Qtr1,Standard Class,JF-15190,Jamie,Frazer,Consumer,United States,Los Angeles,California,90008,West,FUR-FU-10003724,Furniture,£25.11,9,£24.28,£225.99,£218.52,£7.47
1338,CA-2018-100524,03/31/2018,2018,Mar,Qtr1,Second Class,CM-12115,Chad,McGuire,Consumer,United States,New York City,New York,10011,East,FUR-FU-10004018,Furniture,£29.78,1,£29.58,£29.78,£29.58,£0.20
1339,CA-2018-100524,03/31/2018,2018,Mar,Qtr1,Second Class,CM-12115,Chad,McGuire,Consumer,United States,New York City,New York,10011,East,TEC-PH-10002549,Technology,£677.58,1,£677.48,£677.58,£677.48,£0.10
1340,CA-2018-100524,03/31/2018,2018,Mar,Qtr1,Second Class,CM-12115,Chad,McGuire,Consumer,United States,New York City,New York,10011,East,OFF-PA-10004911,Office Supplies,£75.04,1,£74.14,£75.04,£74.14,£0.90
1341,CA-2018-113481,02/01/2018,2018,Feb,Qtr1,First Class,AS-10045,Aaron,Smayling,Corporate,United States,Jacksonville,North Carolina,28540,South,TEC-MA-10002178,Technology,£695.70,2,£695.28,"£1,391.40","£1,390.56",£0.84
1342,CA-2018-113481,02/01/2018,2018,Feb,Qtr1,First Class,AS-10045,Aaron,Smayling,Corporate,United States,Jacksonville,North Carolina,28540,South,OFF-BI-10003694,Office Supplies,£15.66,2,£14.93,£31.32,£29.86,£1.46
1343,CA-2018-113481,02/01/2018,2018,Feb,Qtr1,First Class,AS-10045,Aaron,Smayling,Corporate,United States,Jacksonville,North Carolina,28540,South,OFF-BI-10000474,Office Supplies,£28.85,2,£28.41,£57.71,£56.82,£0.89
1344,CA-2016-131758,05/28/2016,2016,May,Qtr2,Standard Class,KB-16315,Karl,Braun,Consumer,United States,Freeport,New York,11520,East,OFF-AR-10000411,Office Supplies,£47.82,1,£47.44,£47.82,£47.44,£0.38
1345,CA-2016-131758,05/28/2016,2016,May,Qtr2,Standard Class,KB-16315,Karl,Braun,Consumer,United States,Freeport,New York,11520,East,OFF-LA-10000262,Office Supplies,£13.05,1,£12.85,£13.05,£12.85,£0.20
1346,CA-2015-118339,03/17/2015,2015,Mar,Qtr1,Standard Class,BN-11515,Bradley,Nguyen,Consumer,United States,Lakeville,Minnesota,55044,Central,OFF-AP-10001154,Office Supplies,£93.78,5,£93.01,£468.90,£465.05,£3.85
1347,CA-2015-118339,03/17/2015,2015,Mar,Qtr1,Standard Class,BN-11515,Bradley,Nguyen,Consumer,United States,Lakeville,Minnesota,55044,Central,OFF-PA-10000466,Office Supplies,£47.18,5,£46.28,£235.90,£231.40,£4.50
1348,CA-2015-118339,03/17/2015,2015,Mar,Qtr1,Standard Class,BN-11515,Bradley,Nguyen,Consumer,United States,Lakeville,Minnesota,55044,Central,OFF-AR-10003829,Office Supplies,£19.68,5,£19.03,£98.40,£95.15,£3.25
1349,CA-2015-118339,03/17/2015,2015,Mar,Qtr1,Standard Class,BN-11515,Bradley,Nguyen,Consumer,United States,Lakeville,Minnesota,55044,Central,OFF-BI-10001758,Office Supplies,£53.40,5,£52.76,£267.00,£263.80,£3.20
1350,CA-2015-118339,03/17/2015,2015,Mar,Qtr1,Standard Class,BN-11515,Bradley,Nguyen,Consumer,United States,Lakeville,Minnesota,55044,Central,OFF-BI-10000136,Office Supplies,£35.88,5,£35.30,£179.40,£176.50,£2.90
1351,CA-2015-153976,03/10/2015,2015,Mar,Qtr1,Second Class,BP-11290,Beth,Paige,Consumer,United States,Evanston,Illinois,60201,Central,FUR-CH-10002880,Furniture,£258.28,6,£257.86,"£1,549.67","£1,547.16",£2.51
1352,CA-2017-162901,03/28/2017,2017,Mar,Qtr1,First Class,AS-10045,Aaron,Smayling,Corporate,United States,Arlington,Virginia,22204,South,OFF-ST-10000649,Office Supplies,£31.40,2,£30.72,£62.80,£61.44,£1.36
1353,CA-2018-162978,04/05/2018,2018,Apr,Qtr2,Standard Class,LW-16990,Lindsay,Williams,Corporate,United States,San Francisco,California,94109,West,TEC-PH-10003092,Technology,£183.96,9,£183.21,"£1,655.64","£1,648.89",£6.75
1354,CA-2018-162978,04/05/2018,2018,Apr,Qtr2,Standard Class,LW-16990,Lindsay,Williams,Corporate,United States,San Francisco,California,94109,West,OFF-PA-10002250,Office Supplies,£17.61,9,£16.73,£158.49,£150.57,£7.92
1355,CA-2018-162978,04/05/2018,2018,Apr,Qtr2,Standard Class,LW-16990,Lindsay,Williams,Corporate,United States,San Francisco,California,94109,West,FUR-TA-10003473,Furniture,£300.90,9,£299.98,"£2,708.14","£2,699.82",£8.32
1356,US-2015-160444,05/07/2015,2015,May,Qtr2,Same Day,DC-12850,Dan,Campbell,Consumer,United States,Houston,Texas,77036,Central,OFF-ST-10001522,Office Supplies,£220.78,7,£220.33,"£1,545.43","£1,542.31",£3.12
1357,US-2015-160444,05/07/2015,2015,May,Qtr2,Same Day,DC-12850,Dan,Campbell,Consumer,United States,Houston,Texas,77036,Central,OFF-ST-10000563,Office Supplies,£281.42,7,£281.24,"£1,969.97","£1,968.68",£1.29
1358,CA-2017-145247,05/05/2017,2017,May,Qtr2,First Class,ND-18370,Natalie,DeCherney,Consumer,United States,Louisville,Kentucky,40214,South,OFF-PA-10003641,Office Supplies,£79.14,4,£78.65,£316.56,£314.60,£1.96
1359,CA-2018-160045,04/26/2018,2018,Apr,Qtr2,First Class,LB-16735,Larry,Blacks,Consumer,United States,Fort Worth,Texas,76106,Central,FUR-FU-10000010,Furniture,£1.99,7,£1.11,£13.92,£7.77,£6.15
1360,US-2015-151925,09/26/2015,2015,Sep,Qtr3,Second Class,KT-16465,Kean,Takahito,Consumer,United States,Los Angeles,California,90049,West,FUR-CH-10002961,Furniture,£145.57,9,£145.04,"£1,310.11","£1,305.36",£4.75
1361,CA-2018-125199,10/19/2018,2018,Oct,Qtr4,Standard Class,HM-14860,Harry,Marie,Corporate,United States,Philadelphia,Pennsylvania,19120,East,OFF-AR-10002956,Office Supplies,£123.26,1,£122.68,£123.26,£122.68,£0.58
1362,CA-2018-125199,10/19/2018,2018,Oct,Qtr4,Standard Class,HM-14860,Harry,Marie,Corporate,United States,Philadelphia,Pennsylvania,19120,East,OFF-PA-10004041,Office Supplies,£23.68,1,£22.70,£23.68,£22.70,£0.98
1363,CA-2018-125199,10/19/2018,2018,Oct,Qtr4,Standard Class,HM-14860,Harry,Marie,Corporate,United States,Philadelphia,Pennsylvania,19120,East,TEC-PH-10001336,Technology,£309.58,1,£308.69,£309.58,£308.69,£0.89
1364,US-2018-155425,10/11/2018,2018,Oct,Qtr4,First Class,AB-10600,Ann,Blume,Corporate,United States,Tucson,Arizona,85705,West,OFF-BI-10001036,Office Supplies,£38.39,8,£38.26,£307.10,£306.08,£1.02
1365,US-2018-155425,10/11/2018,2018,Oct,Qtr4,First Class,AB-10600,Ann,Blume,Corporate,United States,Tucson,Arizona,85705,West,TEC-MA-10003183,Technology,£95.99,8,£95.61,£767.95,£764.88,£3.07
1366,US-2018-155425,10/11/2018,2018,Oct,Qtr4,First Class,AB-10600,Ann,Blume,Corporate,United States,Tucson,Arizona,85705,West,TEC-AC-10001314,Technology,£239.95,8,£238.97,"£1,919.62","£1,911.76",£7.86
1367,US-2018-155425,10/11/2018,2018,Oct,Qtr4,First Class,AB-10600,Ann,Blume,Corporate,United States,Tucson,Arizona,85705,West,TEC-PH-10002563,Technology,£201.58,8,£201.48,"£1,612.67","£1,611.84",£0.83
1368,US-2018-155425,10/11/2018,2018,Oct,Qtr4,First Class,AB-10600,Ann,Blume,Corporate,United States,Tucson,Arizona,85705,West,FUR-CH-10003312,Furniture,£899.14,8,£898.82,"£7,193.09","£7,190.56",£2.53
1369,CA-2018-133249,08/07/2018,2018,Aug,Qtr3,First Class,SZ-20035,Sam,Zeldin,Home Office,United States,Pico Rivera,California,90660,West,FUR-FU-10001588,Furniture,£145.90,9,£145.41,"£1,313.10","£1,308.69",£4.41
1370,US-2016-103471,12/24/2016,2016,Dec,Qtr4,Standard Class,JR-15670,Jim,Radford,Consumer,United States,Colorado Springs,Colorado,80906,West,FUR-BO-10002613,Furniture,£590.06,8,£589.64,"£4,720.46","£4,717.12",£3.34
1371,US-2016-103471,12/24/2016,2016,Dec,Qtr4,Standard Class,JR-15670,Jim,Radford,Consumer,United States,Colorado Springs,Colorado,80906,West,OFF-AR-10003405,Office Supplies,£14.04,8,£13.66,£112.32,£109.28,£3.04
1372,CA-2018-136672,07/03/2018,2018,Jul,Qtr3,Standard Class,MG-17890,Michael,Granlund,Home Office,United States,Clinton,Maryland,20735,East,TEC-AC-10004510,Technology,£49.08,2,£48.60,£98.16,£97.20,£0.96
1373,US-2015-157021,01/04/2015,2015,Jan,Qtr1,Second Class,KM-16720,Kunst,Miller,Consumer,United States,Vallejo,California,94591,West,OFF-LA-10002312,Office Supplies,£29.60,9,£29.50,£266.40,£265.50,£0.90
1374,US-2015-157021,01/04/2015,2015,Jan,Qtr1,Second Class,KM-16720,Kunst,Miller,Consumer,United States,Vallejo,California,94591,West,OFF-BI-10000042,Office Supplies,£17.09,9,£16.94,£153.79,£152.46,£1.33
1375,CA-2016-120362,09/14/2016,2016,Sep,Qtr3,Standard Class,CA-12265,Christina,Anderson,Consumer,United States,Provo,Utah,84604,West,FUR-TA-10003008,Furniture,£912.75,8,£912.27,"£7,302.00","£7,298.16",£3.84
1376,CA-2015-126361,04/08/2015,2015,Apr,Qtr2,Second Class,VD-21670,Valerie,Dominguez,Consumer,United States,Pleasant Grove,Utah,84062,West,OFF-AP-10003590,Office Supplies,"£1,089.75",8,"£1,089.44","£8,718.00","£8,715.52",£2.48
1377,CA-2015-126361,04/08/2015,2015,Apr,Qtr2,Second Class,VD-21670,Valerie,Dominguez,Consumer,United States,Pleasant Grove,Utah,84062,West,OFF-PA-10000806,Office Supplies,£447.84,8,£447.40,"£3,582.72","£3,579.20",£3.52
1378,CA-2015-126361,04/08/2015,2015,Apr,Qtr2,Second Class,VD-21670,Valerie,Dominguez,Consumer,United States,Pleasant Grove,Utah,84062,West,OFF-AR-10000896,Office Supplies,£16.40,8,£15.73,£131.20,£125.84,£5.36
1379,CA-2015-126361,04/08/2015,2015,Apr,Qtr2,Second Class,VD-21670,Valerie,Dominguez,Consumer,United States,Pleasant Grove,Utah,84062,West,TEC-PH-10002310,Technology,£399.96,8,£399.87,"£3,199.68","£3,198.96",£0.72
1380,CA-2015-126361,04/08/2015,2015,Apr,Qtr2,Second Class,VD-21670,Valerie,Dominguez,Consumer,United States,Pleasant Grove,Utah,84062,West,OFF-ST-10002289,Office Supplies,£158.90,8,£158.17,"£1,271.20","£1,265.36",£5.84
1381,CA-2015-126361,04/08/2015,2015,Apr,Qtr2,Second Class,VD-21670,Valerie,Dominguez,Consumer,United States,Pleasant Grove,Utah,84062,West,OFF-BI-10002852,Office Supplies,£13.18,8,£12.90,£105.47,£103.20,£2.27
1382,US-2017-100566,03/09/2017,2017,Mar,Qtr1,Standard Class,JK-16120,Julie,Kriz,Home Office,United States,Aurora,Illinois,60505,Central,FUR-FU-10003394,Furniture,£83.95,6,£83.39,£503.71,£500.34,£3.37
1383,US-2017-108504,05/02/2017,2017,May,Qtr2,Same Day,PP-18955,Paul,Prost,Home Office,United States,Smyrna,Georgia,30080,South,OFF-ST-10002344,Office Supplies,£80.98,3,£80.76,£242.94,£242.28,£0.66
1384,US-2017-108504,05/02/2017,2017,May,Qtr2,Same Day,PP-18955,Paul,Prost,Home Office,United States,Smyrna,Georgia,30080,South,OFF-PA-10001289,Office Supplies,£348.84,3,£348.73,"£1,046.52","£1,046.19",£0.33
1385,US-2017-108504,05/02/2017,2017,May,Qtr2,Same Day,PP-18955,Paul,Prost,Home Office,United States,Smyrna,Georgia,30080,South,OFF-FA-10000053,Office Supplies,£9.45,3,£9.13,£28.35,£27.39,£0.96
1386,US-2017-108504,05/02/2017,2017,May,Qtr2,Same Day,PP-18955,Paul,Prost,Home Office,United States,Smyrna,Georgia,30080,South,FUR-FU-10004091,Furniture,£18.84,3,£18.47,£56.52,£55.41,£1.11
1387,US-2017-108504,05/02/2017,2017,May,Qtr2,Same Day,PP-18955,Paul,Prost,Home Office,United States,Smyrna,Georgia,30080,South,FUR-BO-10004015,Furniture,£239.98,3,£239.85,£719.94,£719.55,£0.39
1388,US-2017-108504,05/02/2017,2017,May,Qtr2,Same Day,PP-18955,Paul,Prost,Home Office,United States,Smyrna,Georgia,30080,South,OFF-EN-10003001,Office Supplies,£167.96,3,£167.15,£503.88,£501.45,£2.43
1389,US-2017-108504,05/02/2017,2017,May,Qtr2,Same Day,PP-18955,Paul,Prost,Home Office,United States,Smyrna,Georgia,30080,South,TEC-PH-10000215,Technology,£104.85,3,£104.15,£314.55,£312.45,£2.10
1390,US-2017-108504,05/02/2017,2017,May,Qtr2,Same Day,PP-18955,Paul,Prost,Home Office,United States,Smyrna,Georgia,30080,South,TEC-PH-10003645,Technology,£484.83,3,£484.55,"£1,454.49","£1,453.65",£0.84
1391,US-2017-108504,05/02/2017,2017,May,Qtr2,Same Day,PP-18955,Paul,Prost,Home Office,United States,Smyrna,Georgia,30080,South,OFF-PA-10000357,Office Supplies,£122.97,3,£122.82,£368.91,£368.46,£0.45
1392,US-2017-108504,05/02/2017,2017,May,Qtr2,Same Day,PP-18955,Paul,Prost,Home Office,United States,Smyrna,Georgia,30080,South,OFF-ST-10004804,Office Supplies,£154.44,3,£154.18,£463.32,£462.54,£0.78
1393,US-2017-108504,05/02/2017,2017,May,Qtr2,Same Day,PP-18955,Paul,Prost,Home Office,United States,Smyrna,Georgia,30080,South,OFF-PA-10003892,Office Supplies,£342.37,3,£342.30,"£1,027.11","£1,026.90",£0.21
1394,CA-2018-124828,03/07/2018,2018,Mar,Qtr1,First Class,YS-21880,Yana,Sorensen,Corporate,United States,Burlington,North Carolina,27217,South,OFF-AR-10003514,Office Supplies,£9.55,2,£8.62,£19.10,£17.24,£1.86
1395,US-2018-117247,09/10/2018,2018,Sep,Qtr3,Standard Class,CK-12760,Cyma,Kinney,Corporate,United States,Aurora,Illinois,60505,Central,FUR-TA-10002958,Furniture,£652.45,6,£651.81,"£3,914.70","£3,910.86",£3.84
1396,US-2018-117247,09/10/2018,2018,Sep,Qtr3,Standard Class,CK-12760,Cyma,Kinney,Corporate,United States,Aurora,Illinois,60505,Central,FUR-TA-10001676,Furniture,£66.65,6,£66.17,£399.87,£397.02,£2.85
1397,CA-2017-124485,11/24/2017,2017,Nov,Qtr4,First Class,NC-18340,Nat,Carroll,Consumer,United States,New York City,New York,10035,East,OFF-BI-10000822,Office Supplies,£17.22,1,£17.02,£17.22,£17.02,£0.20
1398,CA-2017-124485,11/24/2017,2017,Nov,Qtr4,First Class,NC-18340,Nat,Carroll,Consumer,United States,New York City,New York,10035,East,OFF-PA-10004971,Office Supplies,£11.56,1,£10.77,£11.56,£10.77,£0.79
1399,CA-2017-124485,11/24/2017,2017,Nov,Qtr4,First Class,NC-18340,Nat,Carroll,Consumer,United States,New York City,New York,10035,East,TEC-AC-10002323,Technology,£88.40,1,£87.67,£88.40,£87.67,£0.73
1400,CA-2017-124485,11/24/2017,2017,Nov,Qtr4,First Class,NC-18340,Nat,Carroll,Consumer,United States,New York City,New York,10035,East,OFF-PA-10004888,Office Supplies,£6.48,1,£6.44,£6.48,£6.44,£0.04
1401,CA-2017-159212,01/11/2017,2017,Jan,Qtr1,Standard Class,KM-16375,Katherine,Murray,Home Office,United States,Salem,Virginia,24153,South,TEC-PH-10003988,Technology,£21.80,2,£21.02,£43.60,£42.04,£1.56
1402,CA-2017-159212,01/11/2017,2017,Jan,Qtr1,Standard Class,KM-16375,Katherine,Murray,Home Office,United States,Salem,Virginia,24153,South,OFF-EN-10002230,Office Supplies,£251.79,2,£250.81,£503.58,£501.62,£1.96
1403,US-2017-161396,04/19/2017,2017,Apr,Qtr2,Standard Class,GM-14455,Gary,Mitchum,Home Office,United States,Columbus,Ohio,43229,East,FUR-TA-10002622,Furniture,£205.18,4,£204.56,£820.70,£818.24,£2.46
1404,US-2017-161396,04/19/2017,2017,Apr,Qtr2,Standard Class,GM-14455,Gary,Mitchum,Home Office,United States,Columbus,Ohio,43229,East,OFF-PA-10000418,Office Supplies,£419.40,4,£418.98,"£1,677.60","£1,675.92",£1.68
1405,US-2015-118486,06/04/2015,2015,Jun,Qtr2,First Class,SD-20485,Shirley,Daniels,Home Office,United States,Philadelphia,Pennsylvania,19143,East,OFF-SU-10004498,Office Supplies,£10.30,1,£10.24,£10.30,£10.24,£0.06
1406,US-2015-118486,06/04/2015,2015,Jun,Qtr2,First Class,SD-20485,Shirley,Daniels,Home Office,United States,Philadelphia,Pennsylvania,19143,East,FUR-TA-10001039,Furniture,£154.76,1,£154.54,£154.76,£154.54,£0.22
1407,US-2015-118486,06/04/2015,2015,Jun,Qtr2,First Class,SD-20485,Shirley,Daniels,Home Office,United States,Philadelphia,Pennsylvania,19143,East,TEC-AC-10004659,Technology,£116.78,1,£115.93,£116.78,£115.93,£0.85
1408,CA-2017-130407,02/09/2017,2017,Feb,Qtr1,Standard Class,KD-16270,Karen,Daniels,Consumer,United States,New York City,New York,10024,East,OFF-AR-10002240,Office Supplies,£75.48,1,£75.15,£75.48,£75.15,£0.33
1409,CA-2017-130407,02/09/2017,2017,Feb,Qtr1,Standard Class,KD-16270,Karen,Daniels,Consumer,United States,New York City,New York,10024,East,FUR-FU-10001967,Furniture,£39.98,1,£39.14,£39.98,£39.14,£0.84
1410,US-2017-122245,09/25/2017,2017,Sep,Qtr3,Standard Class,AB-10105,Adrian,Barton,Consumer,United States,Phoenix,Arizona,85023,West,FUR-TA-10002356,Furniture,£393.17,8,£392.91,"£3,145.32","£3,143.28",£2.04
1411,CA-2018-105144,04/11/2018,2018,Apr,Qtr2,Standard Class,SZ-20035,Sam,Zeldin,Home Office,United States,Grand Prairie,Texas,75051,Central,OFF-LA-10003923,Office Supplies,£23.68,7,£23.61,£165.76,£165.27,£0.49
1412,CA-2017-136329,09/07/2017,2017,Sep,Qtr3,Standard Class,JD-15895,Jonathan,Doherty,Corporate,United States,New York City,New York,10035,East,FUR-CH-10002335,Furniture,£408.01,1,£407.19,£408.01,£407.19,£0.82
1413,CA-2017-136329,09/07/2017,2017,Sep,Qtr3,Standard Class,JD-15895,Jonathan,Doherty,Corporate,United States,New York City,New York,10035,East,FUR-FU-10000723,Furniture,£165.28,1,£164.67,£165.28,£164.67,£0.61
1414,CA-2015-146640,06/30/2015,2015,Jun,Qtr2,Standard Class,HA-14905,Helen,Abelman,Consumer,United States,New York City,New York,10024,East,OFF-BI-10002867,Office Supplies,£334.77,1,£334.11,£334.77,£334.11,£0.66
1415,CA-2018-115994,01/28/2018,2018,Jan,Qtr1,Second Class,BT-11305,Beth,Thompson,Home Office,United States,Costa Mesa,California,92627,West,TEC-AC-10000580,Technology,£239.97,9,£239.38,"£2,159.73","£2,154.42",£5.31
1416,CA-2018-115994,01/28/2018,2018,Jan,Qtr1,Second Class,BT-11305,Beth,Thompson,Home Office,United States,Costa Mesa,California,92627,West,FUR-FU-10003976,Furniture,£37.74,9,£37.36,£339.66,£336.24,£3.42
1417,CA-2016-126697,09/21/2016,2016,Sep,Qtr3,First Class,SV-20815,Stuart,Van,Corporate,United States,Houston,Texas,77041,Central,TEC-PH-10002922,Technology,£946.34,7,£945.88,"£6,624.41","£6,621.16",£3.25
1418,CA-2016-126697,09/21/2016,2016,Sep,Qtr3,First Class,SV-20815,Stuart,Van,Corporate,United States,Houston,Texas,77041,Central,TEC-AC-10004353,Technology,£151.20,7,£151.06,"£1,058.40","£1,057.42",£0.98
1419,CA-2016-126697,09/21/2016,2016,Sep,Qtr3,First Class,SV-20815,Stuart,Van,Corporate,United States,Houston,Texas,77041,Central,FUR-FU-10001706,Furniture,£4.93,7,£4.15,£34.50,£29.05,£5.45
1420,CA-2016-124800,09/26/2016,2016,Sep,Qtr3,Standard Class,RW-19540,Rick,Wilson,Corporate,United States,Mesa,Arizona,85204,West,OFF-PA-10000501,Office Supplies,£86.27,8,£85.73,£690.18,£685.84,£4.34
1421,CA-2016-124800,09/26/2016,2016,Sep,Qtr3,Standard Class,RW-19540,Rick,Wilson,Corporate,United States,Mesa,Arizona,85204,West,OFF-BI-10000778,Office Supplies,£72.59,8,£72.03,£580.70,£576.24,£4.46
1422,CA-2016-124800,09/26/2016,2016,Sep,Qtr3,Standard Class,RW-19540,Rick,Wilson,Corporate,United States,Mesa,Arizona,85204,West,OFF-AP-10004980,Office Supplies,£60.67,8,£59.89,£485.38,£479.12,£6.26
1423,CA-2016-124800,09/26/2016,2016,Sep,Qtr3,Standard Class,RW-19540,Rick,Wilson,Corporate,United States,Mesa,Arizona,85204,West,OFF-BI-10003984,Office Supplies,£77.03,8,£76.92,£616.25,£615.36,£0.89
1424,CA-2016-124800,09/26/2016,2016,Sep,Qtr3,Standard Class,RW-19540,Rick,Wilson,Corporate,United States,Mesa,Arizona,85204,West,OFF-ST-10000798,Office Supplies,£119.90,8,£119.34,£959.23,£954.72,£4.51
1425,CA-2016-124800,09/26/2016,2016,Sep,Qtr3,Standard Class,RW-19540,Rick,Wilson,Corporate,United States,Mesa,Arizona,85204,West,TEC-PH-10001750,Technology,£263.96,8,£263.89,"£2,111.68","£2,111.12",£0.56
1426,CA-2016-124800,09/26/2016,2016,Sep,Qtr3,Standard Class,RW-19540,Rick,Wilson,Corporate,United States,Mesa,Arizona,85204,West,OFF-ST-10002743,Office Supplies,£363.65,8,£363.08,"£2,909.18","£2,904.64",£4.54
1427,US-2016-164448,10/31/2016,2016,Oct,Qtr4,Second Class,DK-12835,Damala,Kotsonis,Corporate,United States,Salinas,California,93905,West,OFF-BI-10002949,Office Supplies,£9.73,9,£9.00,£87.55,£81.00,£6.55
1428,US-2016-164448,10/31/2016,2016,Oct,Qtr4,Second Class,DK-12835,Damala,Kotsonis,Corporate,United States,Salinas,California,93905,West,OFF-EN-10002600,Office Supplies,£14.75,9,£14.38,£132.75,£129.42,£3.33
1429,US-2016-164448,10/31/2016,2016,Oct,Qtr4,Second Class,DK-12835,Damala,Kotsonis,Corporate,United States,Salinas,California,93905,West,OFF-BI-10003708,Office Supplies,£29.80,9,£29.02,£268.20,£261.18,£7.02
1430,US-2016-164448,10/31/2016,2016,Oct,Qtr4,Second Class,DK-12835,Damala,Kotsonis,Corporate,United States,Salinas,California,93905,West,OFF-LA-10003510,Office Supplies,£427.42,9,£427.03,"£3,846.78","£3,843.27",£3.51
1431,CA-2018-122700,11/26/2018,2018,Nov,Qtr4,Standard Class,LT-17110,Liz,Thompson,Consumer,United States,Columbus,Ohio,43229,East,TEC-PH-10003092,Technology,£220.75,4,£220.67,£883.01,£882.68,£0.33
1432,CA-2015-120768,12/19/2015,2015,Dec,Qtr4,Second Class,IM-15070,Irene,Maddox,Consumer,United States,Florence,Alabama,35630,South,OFF-BI-10001191,Office Supplies,£152.76,3,£152.09,£458.28,£456.27,£2.01
1433,CA-2015-120768,12/19/2015,2015,Dec,Qtr4,Second Class,IM-15070,Irene,Maddox,Consumer,United States,Florence,Alabama,35630,South,OFF-SU-10004115,Office Supplies,£7.27,3,£6.34,£21.81,£19.02,£2.79
1434,CA-2015-120768,12/19/2015,2015,Dec,Qtr4,Second Class,IM-15070,Irene,Maddox,Consumer,United States,Florence,Alabama,35630,South,FUR-CH-10000513,Furniture,"£1,819.86",3,"£1,818.88","£5,459.58","£5,456.64",£2.94
1435,US-2017-153129,12/26/2017,2017,Dec,Qtr4,Standard Class,FP-14320,Frank,Preis,Consumer,United States,Seattle,Washington,98105,West,OFF-PA-10003673,Office Supplies,£33.90,9,£33.02,£305.10,£297.18,£7.92
1436,CA-2018-106852,06/20/2018,2018,Jun,Qtr2,Standard Class,ST-20530,Shui,Tom,Consumer,United States,Parma,Ohio,44134,East,OFF-PA-10001639,Office Supplies,£31.10,4,£30.15,£124.42,£120.60,£3.82
1437,CA-2018-106852,06/20/2018,2018,Jun,Qtr2,Standard Class,ST-20530,Shui,Tom,Consumer,United States,Parma,Ohio,44134,East,OFF-AR-10003829,Office Supplies,£5.25,4,£4.85,£20.99,£19.40,£1.59
1438,CA-2016-139731,10/15/2016,2016,Oct,Qtr4,Same Day,JE-15745,Joel,Eaton,Consumer,United States,Amarillo,Texas,79109,Central,TEC-AC-10004975,Technology,£263.88,7,£263.71,"£1,847.16","£1,845.97",£1.19
1439,CA-2016-139731,10/15/2016,2016,Oct,Qtr4,Same Day,JE-15745,Joel,Eaton,Consumer,United States,Amarillo,Texas,79109,Central,FUR-CH-10002024,Furniture,"£2,453.43",7,"£2,452.69","£17,174.01","£17,168.83",£5.18
1440,CA-2018-122735,12/04/2018,2018,Dec,Qtr4,Second Class,BD-11320,Bill,Donatelli,Consumer,United States,Providence,Rhode Island,2908,East,OFF-BI-10004364,Office Supplies,£29.70,2,£29.43,£59.40,£58.86,£0.54
1441,CA-2018-122735,12/04/2018,2018,Dec,Qtr4,Second Class,BD-11320,Bill,Donatelli,Consumer,United States,Providence,Rhode Island,2908,East,OFF-PA-10001712,Office Supplies,£39.96,2,£39.24,£79.92,£78.48,£1.44
1442,CA-2018-128160,12/19/2018,2018,Dec,Qtr4,Second Class,MM-17920,Michael,Moore,Consumer,United States,San Francisco,California,94110,West,OFF-BI-10001510,Office Supplies,£36.67,9,£36.00,£330.05,£324.00,£6.05
1443,CA-2018-117695,05/08/2018,2018,May,Qtr2,First Class,PW-19030,Pauline,Webber,Corporate,United States,Richmond,Kentucky,40475,South,OFF-PA-10002713,Office Supplies,£13.76,4,£12.86,£55.04,£51.44,£3.60
1444,CA-2016-166135,01/10/2016,2016,Jan,Qtr1,Standard Class,SC-20440,Shaun,Chance,Corporate,United States,Aurora,Colorado,80013,West,OFF-ST-10002974,Office Supplies,£139.42,8,£138.95,"£1,115.39","£1,111.60",£3.79
1445,CA-2017-133725,05/23/2017,2017,May,Qtr2,Standard Class,KL-16645,Ken,Lonsdale,Consumer,United States,Chicago,Illinois,60623,Central,TEC-PH-10004165,Technology,"£1,979.93",6,"£1,978.98","£11,879.57","£11,873.88",£5.69
1446,CA-2018-102337,06/13/2018,2018,Jun,Qtr2,First Class,SD-20485,Shirley,Daniels,Home Office,United States,Chicago,Illinois,60653,Central,OFF-ST-10004804,Office Supplies,£164.74,6,£164.43,£988.42,£986.58,£1.84
1447,CA-2018-102337,06/13/2018,2018,Jun,Qtr2,First Class,SD-20485,Shirley,Daniels,Home Office,United States,Chicago,Illinois,60653,Central,FUR-CH-10004289,Furniture,£470.30,6,£469.44,"£2,821.81","£2,816.64",£5.17
1448,CA-2018-102337,06/13/2018,2018,Jun,Qtr2,First Class,SD-20485,Shirley,Daniels,Home Office,United States,Chicago,Illinois,60653,Central,TEC-PH-10002564,Technology,£47.98,6,£47.81,£287.90,£286.86,£1.04
1449,US-2015-112564,04/23/2015,2015,Apr,Qtr2,First Class,TS-21160,Theresa,Swint,Corporate,United States,Philadelphia,Pennsylvania,19134,East,OFF-BI-10004876,Office Supplies,£2.50,1,£2.25,£2.50,£2.25,£0.25
1450,CA-2016-145821,01/05/2016,2016,Jan,Qtr1,Standard Class,JB-15400,Jennifer,Braxton,Corporate,United States,Los Angeles,California,90008,West,TEC-PH-10004348,Technology,£88.75,9,£88.64,£798.77,£797.76,£1.01
1451,US-2016-160150,07/19/2016,2016,Jul,Qtr3,First Class,TS-21085,Thais,Sissman,Consumer,United States,Phoenix,Arizona,85023,West,OFF-BI-10004352,Office Supplies,£2.03,8,£2.02,£16.20,£16.16,£0.04
1452,CA-2017-133711,11/26/2017,2017,Nov,Qtr4,First Class,MC-17425,Mark,Cousins,Corporate,United States,Mobile,Alabama,36608,South,OFF-PA-10001685,Office Supplies,£70.98,3,£70.53,£212.94,£211.59,£1.35
1453,CA-2017-133711,11/26/2017,2017,Nov,Qtr4,First Class,MC-17425,Mark,Cousins,Corporate,United States,Mobile,Alabama,36608,South,OFF-BI-10000666,Office Supplies,£91.68,3,£90.91,£275.04,£272.73,£2.31
1454,CA-2017-133711,11/26/2017,2017,Nov,Qtr4,First Class,MC-17425,Mark,Cousins,Corporate,United States,Mobile,Alabama,36608,South,OFF-BI-10004352,Office Supplies,£33.75,3,£33.13,£101.25,£99.39,£1.86
1455,CA-2017-133711,11/26/2017,2017,Nov,Qtr4,First Class,MC-17425,Mark,Cousins,Corporate,United States,Mobile,Alabama,36608,South,TEC-MA-10000010,Technology,"£3,040.00",3,"£3,039.91","£9,120.00","£9,119.73",£0.27
1456,CA-2018-148474,12/06/2018,2018,Dec,Qtr4,Standard Class,ME-17320,Maria,Etezadi,Home Office,United States,Columbus,Georgia,31907,South,OFF-BI-10000977,Office Supplies,£91.20,3,£90.82,£273.60,£272.46,£1.14
1457,CA-2018-148474,12/06/2018,2018,Dec,Qtr4,Standard Class,ME-17320,Maria,Etezadi,Home Office,United States,Columbus,Georgia,31907,South,FUR-TA-10002530,Furniture,£452.94,3,£452.59,"£1,358.82","£1,357.77",£1.05
1458,CA-2016-111297,08/17/2016,2016,Aug,Qtr3,Standard Class,SC-20440,Shaun,Chance,Corporate,United States,New Bedford,Massachusetts,2740,East,OFF-BI-10002412,Office Supplies,£52.20,2,£51.92,£104.40,£103.84,£0.56
1459,CA-2017-123722,09/25/2017,2017,Sep,Qtr3,Standard Class,NH-18610,Nicole,Hansen,Corporate,United States,Irving,Texas,75061,Central,OFF-LA-10001569,Office Supplies,£15.94,7,£15.90,£111.55,£111.30,£0.25
1460,CA-2015-155271,04/05/2015,2015,Apr,Qtr2,Same Day,AA-10480,Andrew,Allen,Consumer,United States,Middletown,Connecticut,6457,East,FUR-FU-10001473,Furniture,£27.46,6,£27.22,£164.76,£163.32,£1.44
1461,CA-2016-119907,01/12/2016,2016,Jan,Qtr1,Standard Class,LC-17140,Logan,Currie,Consumer,United States,Seattle,Washington,98103,West,OFF-BI-10001765,Office Supplies,£55.42,9,£55.24,£498.82,£497.16,£1.66
1462,US-2017-128902,11/03/2017,2017,Nov,Qtr4,Standard Class,MB-18085,Mick,Brown,Consumer,United States,Vineland,New Jersey,8360,East,FUR-TA-10001095,Furniture,£244.01,8,£243.04,"£1,952.05","£1,944.32",£7.73
1463,CA-2017-152289,08/26/2017,2017,Aug,Qtr3,First Class,LC-16930,Linda,Cazamias,Corporate,United States,Pasadena,Texas,77506,Central,TEC-AC-10004571,Technology,£159.98,7,£159.17,"£1,119.89","£1,114.19",£5.70
1464,CA-2017-152289,08/26/2017,2017,Aug,Qtr3,First Class,LC-16930,Linda,Cazamias,Corporate,United States,Pasadena,Texas,77506,Central,FUR-CH-10002126,Furniture,"£1,024.72",7,"£1,024.26","£7,173.01","£7,169.82",£3.19
1465,US-2017-104794,12/16/2017,2017,Dec,Qtr4,First Class,KD-16495,Keith,Dawkins,Corporate,United States,New York City,New York,10009,East,OFF-FA-10001754,Office Supplies,£3.68,1,£2.86,£3.68,£2.86,£0.82
1466,CA-2015-151708,08/08/2015,2015,Aug,Qtr3,Standard Class,MB-17305,Maria,Bertelson,Consumer,United States,Glendale,Arizona,85301,West,FUR-FU-10001602,Furniture,£121.38,8,£120.60,£971.01,£964.80,£6.21
1467,CA-2015-151708,08/08/2015,2015,Aug,Qtr3,Standard Class,MB-17305,Maria,Bertelson,Consumer,United States,Glendale,Arizona,85301,West,TEC-AC-10001767,Technology,£95.98,8,£95.62,£767.81,£764.96,£2.85
1468,CA-2016-100769,05/16/2016,2016,May,Qtr2,Same Day,TH-21550,Tracy,Hopkins,Home Office,United States,Jacksonville,Florida,32216,South,TEC-AC-10002402,Technology,£255.97,3,£255.32,£767.90,£765.96,£1.94
1469,CA-2018-139199,09/12/2018,2018,Sep,Qtr3,Standard Class,DK-12835,Damala,Kotsonis,Corporate,United States,Detroit,Michigan,48234,Central,FUR-CH-10000847,Furniture,£872.94,4,£872.88,"£3,491.76","£3,491.52",£0.24
1470,CA-2018-139199,09/12/2018,2018,Sep,Qtr3,Standard Class,DK-12835,Damala,Kotsonis,Corporate,United States,Detroit,Michigan,48234,Central,OFF-BI-10003982,Office Supplies,£41.54,4,£41.15,£166.16,£164.60,£1.56
1471,CA-2018-139199,09/12/2018,2018,Sep,Qtr3,Standard Class,DK-12835,Damala,Kotsonis,Corporate,United States,Detroit,Michigan,48234,Central,OFF-PA-10001293,Office Supplies,£12.96,4,£12.50,£51.84,£50.00,£1.84
1472,US-2016-161466,09/24/2016,2016,Sep,Qtr3,Second Class,ON-18715,Odella,Nelson,Corporate,United States,Philadelphia,Pennsylvania,19120,East,OFF-AR-10000634,Office Supplies,£6.85,1,£6.24,£6.85,£6.24,£0.61
1473,CA-2018-164959,11/07/2018,2018,Nov,Qtr4,Standard Class,KN-16390,Katherine,Nockton,Corporate,United States,Los Angeles,California,90004,West,OFF-LA-10004272,Office Supplies,£8.67,9,£7.77,£78.03,£69.93,£8.10
1474,US-2016-105676,01/12/2016,2016,Jan,Qtr1,Same Day,NM-18520,Neoma,Murray,Consumer,United States,Houston,Texas,77036,Central,FUR-FU-10004270,Furniture,£6.69,7,£6.37,£46.82,£44.59,£2.23
1475,CA-2017-113138,11/19/2017,2017,Nov,Qtr4,Standard Class,NP-18685,Nora,Pelletier,Home Office,United States,Niagara Falls,New York,14304,East,OFF-AR-10003770,Office Supplies,£17.28,1,£16.39,£17.28,£16.39,£0.89
1476,CA-2017-113138,11/19/2017,2017,Nov,Qtr4,Standard Class,NP-18685,Nora,Pelletier,Home Office,United States,Niagara Falls,New York,14304,East,OFF-BI-10000320,Office Supplies,£17.71,1,£17.61,£17.71,£17.61,£0.10
1477,US-2018-104955,03/19/2018,2018,Mar,Qtr1,Standard Class,CG-12040,Catherine,Glotzbach,Home Office,United States,New York City,New York,10024,East,OFF-LA-10003121,Office Supplies,£28.91,1,£28.30,£28.91,£28.30,£0.61
1478,CA-2017-121958,11/13/2017,2017,Nov,Qtr4,Standard Class,CS-12505,Cindy,Stewart,Consumer,United States,Thomasville,North Carolina,27360,South,OFF-SU-10000381,Office Supplies,£52.14,2,£51.76,£104.27,£103.52,£0.75
1479,CA-2018-121468,11/19/2018,2018,Nov,Qtr4,First Class,KD-16345,Katherine,Ducich,Consumer,United States,Westminster,California,92683,West,TEC-PH-10000376,Technology,£31.97,9,£31.57,£287.71,£284.13,£3.58
1480,US-2017-108455,02/12/2017,2017,Feb,Qtr1,Standard Class,MK-18160,Mike,Kennedy,Consumer,United States,San Francisco,California,94122,West,OFF-PA-10002262,Office Supplies,£25.92,9,£25.18,£233.28,£226.62,£6.66
1481,US-2017-108455,02/12/2017,2017,Feb,Qtr1,Standard Class,MK-18160,Mike,Kennedy,Consumer,United States,San Francisco,California,94122,West,OFF-PA-10002464,Office Supplies,£40.46,9,£40.00,£364.14,£360.00,£4.14
1482,US-2017-108455,02/12/2017,2017,Feb,Qtr1,Standard Class,MK-18160,Mike,Kennedy,Consumer,United States,San Francisco,California,94122,West,OFF-ST-10002214,Office Supplies,£33.87,9,£33.86,£304.83,£304.74,£0.09
1483,CA-2018-101210,08/25/2018,2018,Aug,Qtr3,Second Class,DW-13540,Don,Weiss,Consumer,United States,Jackson,Tennessee,38301,South,OFF-AR-10003560,Office Supplies,£9.73,3,£9.14,£29.18,£27.42,£1.76
1484,CA-2018-101210,08/25/2018,2018,Aug,Qtr3,Second Class,DW-13540,Don,Weiss,Consumer,United States,Jackson,Tennessee,38301,South,OFF-PA-10000130,Office Supplies,£3.42,3,£3.15,£10.27,£9.45,£0.82
1485,US-2017-108098,10/14/2017,2017,Oct,Qtr4,Standard Class,CP-12340,Christine,Phan,Corporate,United States,Seattle,Washington,98115,West,TEC-AC-10000865,Technology,£177.00,9,£176.13,"£1,593.00","£1,585.17",£7.83
1486,CA-2015-119032,11/27/2015,2015,Nov,Qtr4,Standard Class,MS-17770,Maxwell,Schwartz,Consumer,United States,New York City,New York,10035,East,OFF-FA-10003021,Office Supplies,£3.76,1,£3.06,£3.76,£3.06,£0.70
1487,CA-2016-140410,03/11/2016,2016,Mar,Qtr1,Standard Class,CM-12655,Corinna,Mitchell,Home Office,United States,Los Angeles,California,90008,West,TEC-PH-10003580,Technology,"£1,212.85",9,"£1,212.80","£10,915.63","£10,915.20",£0.43
1488,CA-2016-140410,03/11/2016,2016,Mar,Qtr1,Standard Class,CM-12655,Corinna,Mitchell,Home Office,United States,Los Angeles,California,90008,West,TEC-AC-10001109,Technology,£89.97,9,£89.31,£809.73,£803.79,£5.94
1489,CA-2016-140410,03/11/2016,2016,Mar,Qtr1,Standard Class,CM-12655,Corinna,Mitchell,Home Office,United States,Los Angeles,California,90008,West,FUR-FU-10003347,Furniture,£42.60,9,£41.61,£383.40,£374.49,£8.91
1490,CA-2015-136280,11/29/2015,2015,Nov,Qtr4,Standard Class,Co-12640,Corey-Lock,,Consumer,United States,Philadelphia,Pennsylvania,19143,East,OFF-LA-10000452,Office Supplies,£5.04,1,£4.89,£5.04,£4.89,£0.15
1491,CA-2018-151911,04/30/2018,2018,Apr,Qtr2,Second Class,DL-13495,Dionis,Lloyd,Corporate,United States,New York City,New York,10024,East,OFF-EN-10002986,Office Supplies,£62.96,1,£62.24,£62.96,£62.24,£0.72
1492,CA-2018-166436,11/24/2018,2018,Nov,Qtr4,Standard Class,TS-21370,Todd,Sumrall,Corporate,United States,New York City,New York,10035,East,OFF-PA-10001838,Office Supplies,£5.88,1,£5.88,£5.88,£5.88,£0.00
1493,CA-2018-166436,11/24/2018,2018,Nov,Qtr4,Standard Class,TS-21370,Todd,Sumrall,Corporate,United States,New York City,New York,10035,East,FUR-CH-10000785,Furniture,£977.29,1,£977.05,£977.29,£977.05,£0.24
1494,CA-2018-139661,10/30/2018,2018,Oct,Qtr4,Standard Class,JW-15220,Jane,Waco,Corporate,United States,Vancouver,Washington,98661,West,FUR-FU-10002885,Furniture,£9.64,9,£8.96,£86.76,£80.64,£6.12
1495,CA-2015-123925,12/17/2015,2015,Dec,Qtr4,Second Class,RF-19840,Roy,Französisch,Consumer,United States,Columbus,Georgia,31907,South,OFF-AR-10002952,Office Supplies,£40.05,3,£39.83,£120.15,£119.49,£0.66
1496,CA-2018-152485,04/09/2018,2018,Apr,Qtr2,Standard Class,JD-15790,John,Dryer,Consumer,United States,Coppell,Texas,75019,Central,OFF-AR-10003759,Office Supplies,£10.19,7,£9.79,£71.34,£68.53,£2.81
1497,CA-2018-152485,04/09/2018,2018,Apr,Qtr2,Standard Class,JD-15790,John,Dryer,Consumer,United States,Coppell,Texas,75019,Central,OFF-ST-10004950,Office Supplies,£16.78,7,£16.26,£117.49,£113.82,£3.67
1498,CA-2018-152485,04/09/2018,2018,Apr,Qtr2,Standard Class,JD-15790,John,Dryer,Consumer,United States,Coppell,Texas,75019,Central,OFF-AR-10001940,Office Supplies,£13.12,7,£12.32,£91.84,£86.24,£5.60
1499,CA-2017-141586,10/17/2017,2017,Oct,Qtr4,First Class,NK-18490,Neil,Knudson,Home Office,United States,San Francisco,California,94122,West,OFF-BI-10003981,Office Supplies,£18.16,9,£17.91,£163.44,£161.19,£2.25
1500,CA-2018-130386,12/11/2018,2018,Dec,Qtr4,Standard Class,NG-18430,Nathan,Gelder,Consumer,United States,Austin,Texas,78745,Central,OFF-PA-10002749,Office Supplies,£16.06,7,£15.52,£112.39,£108.64,£3.75
